2874 4888
676 233 719 248 Ἰ
1121 239 1124 260 Ι

486 295 527 334 ts
561 295 722 334 Pul-il.
750 293 878 334 mxli.
941 284 946 298 '
1218 294 1254 352 93

103 415 224 500 emplor
248 419 313 500 pies
337 421 446 476 mentes
471 414 617 498 dirigebat.
656 412 695 476 n
714 407 791 476 o'erte
808 413 926 495 qnando
944 412 981 476 sd
1001 411 1057 474 Dei
1076 414 1256 483 silitudinem

103 519 161 558 nos
181 501 280 557 earnis
299 497 417 558 tordius
436 515 660 576 assurgerenoo
680 497 802 590 potitur,
822 495 927 556 bostro
947 513 1000 554 nos
1019 493 1056 554 sd
1075 514 1107 556 se
1127 506 1252 574 voearet,

101 579 161 638 nisi
180 579 270 638 etiem
291 575 476 636 daemoes-et
499 577 535 636 ed
556 595 613 636 nos
631 577 770 636 visseim:
801 575 846 636 vet
871 573 972 634 saitem
995 575 1170 654 interpositis
1193 597 1253 640 me·

105 659 171 732 diis,
192 675 299 716 manns
318 655 531 736 quodammodo
551 655 587 716 od
607 675 661 715 nos
679 673 795 716 sursum
814 653 955 714 tollendos
974 655 1150 716 extenderet.

186 739 296 798 Etiam
431 780 438 794 .
485 729 607 794 Versum
638 734 719 794 bone'
748 735 866 830 quidum
894 751 953 794 nuo
976 739 1114 794 contextu
1137 735 1251 815 legunt:

104 818 167 878 sesi
189 816 299 876 diceret
334 814 463 893 ropbeto,
482 833 550 876 oses
570 834 661 895 prope
680 813 930 886 attorienidulnri,
949 811 1025 872 unde
1043 813 1144 876 melius
1161 833 1249 898 ¹appe.

104 905 153 956 ret
180 893 397 978 quemioiqnn
420 895 458 954 sit
481 896 542 954 eins
567 894 691 954 oonditio
716 895 767 974 qui
811 894 894 956 rocol
912 892 979 956 inde
996 891 1171 972 prohibetur.
1211 893 1252 956 Et

102 977 176 1036 huie
197 976 357 1036 sententiae
376 971 491 1033 videtur
509 973 658 1053 suflragari
678 913 819 1054 porticulo
837 977 909 1044 nrt,
929 991 987 1050 quo
999 975 1251 1038 eenneetiveensni

104 1055 304 1136 utplurimum
324 1053 459 1133 iungitur.
483 1051 559 1114 'Sed
578 1055 645 1133 quir
664 1052 807 1114 interdum
826 1051 912 1111 etism
931 1052 1021 1112 servit
1038 1051 1251 1118 exdanrtioni-

102 1135 170 1208 bus,
186 1155 251 1194 non
269 1133 370 1192 dubito
390 1133 459 1213 quio
470 1131 613 1214 Propheta
633 1133 759 1192 medium
778 1131 914 1192 ustionis
933 1149 1049 1194 eorsum
1068 1129 1252 1214 obrumpem,
1358 1145 1363 1160 ·

102 1217 262 1287 exotnmet,
281 1213 335 1273 sibi
354 1218 508 1292 conspeetu
528 1212 623 1272 nitoris
642 1211 713 1272 nihil
732 1212 794 1272 iore
813 1211 930 1292 gratius.
950 1209 1080 1288 Primum
1100 1231 1169 1291 ergo
1189 1212 1250 1276 llo·

103 1294 155 1354 vid
175 1293 342 1375 passeribus
361 1310 395 1351 se
414 1299 443 1351 et
462 1291 658 1352 hirundinibus
678 1309 862 1372 comparans,
886 1291 1029 1352 miseriem
1048 1309 1130 1350 suom
1150 1293 1249 1374 empli-

104 1373 190 1434 fient:
216 1375 286 1453 quin
310 1371 457 1452 indignum
481 1377 524 1432 est
549 1371 584 1430 ab
609 1371 782 1432 haereditate
801 1370 855 1430 sibi
874 1372 1013 1449 promissa
1031 1370 1138 1450 expelli
1156 1371 1250 1434 Abra-

104 1452 281 1524 bae-iiiios,
306 1471 396 1531 quom
420 1451 555 1510 evieuioe.
572 1451 655 1512 nidos
679 1450 783 1512 alieubi
801 1451 952 1531 reperient.
992 1445 1134 1527 Quemvis
1152 1459 1250 1517 eutem

106 1539 212 1593 nuans
234 1531 408 1668 quandoque
427 1537 502 1624 esset
520 1531 707 1626 pommodnm
727 1529 891 1625 hospitium,
911 1532 970 1592 imo
987 1529 1089 1625 liceret
1108 1531 1186 1611 opud
1204 1534 1250 1594 in-

105 1611 338 1752 tidini
350 1609 1252 1770 zatttttttttt‘istittititbtttt'z

105 1791 213 1830 nessus
254 1769 329 1830 N'am
348 1777 425 1830 nerto
444 1769 491 1830 bio
509 1771 592 1830 nobis
610 1769 788 1830 esteiveodi
805 1768 871 1828 finis
891 1771 972 1830 utin
991 1767 1048 1828 Dei
1067 1768 1150 1830 onitu
1167 1789 1248 1832 exus
1376 1797 1380 1806 ·

104 1870 234 1910 mmor.
276 1849 367 1909 Porro
394 1851 525 1929 quamvis
543 1867 605 1910 noo
623 1849 678 1912 rite
696 1849 809 1910 coletur
826 1849 881 1910 nisi
899 1847 1038 1930 spirituali
1057 1850 1159 1924 modo,
1179 1852 1249 1914 snb-
1352 1852 1354 1861 ¹

106 1931 185 1990 sidiis
209 1938 308 1990 nmen
332 1930 377 1988 uti
401 1948 474 2008 opus
499 1937 544 1989 est
569 1947 643 2009 quae
665 1949 724 1990 non
745 1929 795 1988 ebs
815 1948 846 1988 re
865 1929 947 1990 nobis
967 1929 1127 1991 destinavit.
1167 1929 1247 1994 Haeo

105 2011 180 2069 ratio
199 2016 246 2069 est
264 2029 319 2068 our
336 2010 366 2068 io
385 2008 461 2068 buno
479 2027 580 2068 vocem
600 2016 731 2090 erumpat
750 2006 855 2081 baud,
875 2031 894 2066 o
913 2012 1026 2070 wareo
1044 2019 1099 2071 tuo
1108 2013 1247 2073 Domine.

106 2085 184 2149 Nom
206 2089 277 2168 quin
301 2087 426 2148 obiicere
449 2097 616 2168 promptum
639 2096 716 2163 eret,
740 2089 848 2148 multos
867 2105 930 2148 esse
948 2087 1068 2167 angulos
1087 2089 1117 2148 io
1136 2091 1246 2152 mundo

108 2169 161 2228 nbi
185 2173 248 2228 tuto
268 2169 441 2248 quiesceret,
464 2169 523 2226 imo
547 2167 654 2228 multos
677 2187 740 2228 esre
758 2167 885 2248 hospites
905 2167 955 2247 qui
973 2167 1092 2228 libenter
1111 2187 1178 2228 suns
1197 2190 1248 2232 ex.

111 2249 251 2326 eiperent,
276 2255 364 2326 rique
388 2248 429 2306 itu
452 2249 513 2320 sine
537 2265 622 2310 censo
639 2248 823 2309 tumultuaris
848 2247 1015 2327 respondet,
1037 2266 1069 2308 se
1087 2249 1173 2308 molle
1192 2253 1248 2312 toti

111 2325 220 2385 mondo
244 2329 421 2400 nnuntisre,
445 2347 532 2408 quom
556 2327 663 2407 privari
683 2345 764 2386 seooo
784 2324 992 2390 Tuberneenlo:
1016 2325 1129 2388 nullum
1148 2329 1262 2392 loeum¹

111 2405 164 2464 sibi
184 2406 341 2466 iucundum
360 2425 422 2466 esse
441 2406 542 2487 procul
561 2425 578 2466 o
597 2405 655 2468 Dei
671 2405 825 2476 altoribus,
843 2407 903 2468 imo
922 2406 1033 2468 nullom
1054 2426 1176 2486 usqnnm
1195 2409 1246 2469 do·

107 2482 354 2546 mieiiinm‘extrs
377 2483 495 2546 Terram
520 2495 647 2546 sonotorn
673 2487 726 2546 sibi
751 2486 872 2566 plaeere.
911 2485 1007 2565 Atque
1027 2485 1085 2546 huo
1104 2491 1247 2566 pertinent
1266 2487 1272 2496 “

109 2562 548 2708 tittitittitttt
561 2564 881 2726 dimittitis
898 2567 1032 2726 itti*
1054 2565 1247 2711 ‘'tt-“titt

656 2687 665 2719 ‚
1097 2689 1106 2705 ,
1233 2681 1247 2696 .

107 2724 1247 2886 sitistisintimistttttttilttitttittii

107 2903 200 2962 quum
218 2882 300 2944 Dens
324 2903 405 2946 meres
423 2887 477 2960 sis,
497 2905 635 2965 quorsum
659 2887 744 2958 vivo,
765 2887 820 2948 nisi
839 2892 872 2945 ut
890 2885 927 2946 od
947 2893 976 2948 te
994 2878 1155 2968 adspirent
1189 2886 1246 2950 Ubi

107 2971 205 3023 notem
223 2983 279 3024 me·
290 2963 397 3039 relisis,
416 2984 467 3025 our
487 2971 545 3026 non
565 2965 660 3030 omns
679 2964 803 3046 bospitio
822 2985 956 3046 osperner
975 2965 1132 3047 quemlibet
1149 2970 1245 3034 surt-

108 3053 153 3104 ter
177 3046 257 3104 euni
275 3056 356 3106 mae
375 3045 534 3105 arrideret?
707 3101 710 3108 .
743 3075 744 3080 ¹
1165 3093 1168 3100 .
1322 3056 1324 3062 '

188 3127 218 3185 5.
239 3127 329 3184 Booti
348 3133 399 3207 pet
418 3127 559 3186 bobilam.
587 3122 644 3186 Hie
669 3124 771 3186 olarios
791 3123 889 3186 delinit
908 3132 1018 3194 notum
1038 3132 1067 3186 et
1086 3125 1246 3207 legitimum

109 3201 269 3263 Senotuorii
289 3205 387 3265 usum·
405 3212 492 3286 etque
510 3207 550 3264 ite
569 3224 601 3264 se
620 3205 753 3266 ditoeroit
771 3205 808 3266 ab
824 3205 995 3284 *hypocritis
1016 3206 1067 3286 qni
1086 3216 1115 3266 et
1133 3207 1189 3286 ipsi
1207 3207 1246 3270 od

110 3286 434 3425 ffingnnuletrqternnts
454 3285 737 3428 :epuloffeeqlrrnlrfot
757 3286 932 3426 wiopdilm
951 3289 1043 3425 offitii.
1083 3282 1175 3346 Veros
1188 3286 1245 3426 tqiu·

218 3382 286 3424 eie
348 3383 456 3426 reses
500 3383 534 3425 ur
582 3383 628 3425 ovi
673 3384 774 3426 serre
826 3385 846 3424 u
907 3381 1026 3426 meru
1149 3385 1187 3426 uo

111 3439 167 3502 fide
194 3429 321 3524 sepornri
351 3463 410 3504 non
440 3385 543 3526 pdtest.
584 3443 688 3526 Neque
714 3447 791 3507 enim
820 3461 859 3508 ex'
887 3447 982 3506 enimn
1003 3384 1099 3516 Dlffn’r
1118 3385 1250 3510 illudebii

112 3521 164 3582 nisi
187 3525 239 3604 qui
258 3525 442 3603 acquiescens
462 3527 492 3586 in
512 3526 572 3586 eins
591 3524 849 3608 gretiepspirituoli
868 3543 940 3607 peee
958 3531 988 3586 et
1007 3525 1111 3606 qnudio
1131 3525 1244 3588 lruitun

196 3751 230 3819 6.
252 3750 373 3821 Beotus
398 3753 497 3822 homo
525 3754 576 3822 cui
603 3753 701 3822 robur
730 3754 763 3820 in
786 3763 833 3836 te,
861 3751 991 3822 semine
1017 3752 1052 3822 in
1074 3751 1169 3825 corde
1192 3777 1243 3822 eo·
1271 3753 1280 3766 ’

111 3881 188 3926 rum.
241 3859 271 3925 7.
299 3859 515 3928 Transeuntes
542 3845 575 3926 io
603 3859 684 3926 valle
711 3860 804 3928 iletus
831 3860 953 3928 iontem
979 3869 1115 3952 ponent,
1148 3860 1244 3927 etiam

22 4027 29 4039 ,
111 3967 256 4062 ἀεῑεῃιθε
290 3967 410 4056 operiet
435 3963 549 4057 'pluvia
604 3965 636 4032 8.
671 3965 806 4035 Venient
833 3992 852 4036 e
879 3965 994 4036 virtute
1021 3967 1055 4033 in
1085 3967 1244 4052 virtutem,

110 4071 263 4140 videbitur
279 4071 370 4140 Deus
392 4071 525 4142 deorum
546 4075 581 4141 in
602 4073 693 4142 Sion.

167 4204 214 4305 1’6.
235 4207 359 4305 Beatos.
389 4211 503 4306 ieron.
516 4201 607 4320 docet,
627 4244 829 4308 Senotnoriom
849 4265 880 4306 se
899 4265 960 4308 non
978 4251 1113 4326 expetere
1132 4253 1243 4316 tentum

111 4331 140 4382 nt
164 4333 262 4410 posen
287 4326 401 4400 oeulos,
426 4328 477 4386 sed
501 4335 535 4387 ut
558 4328 588 4384 in
613 4325 669 4387 nde
692 4327 832 4408 proficiet.
872 4323 925 4387 Est
943 4327 1019 4386 enim
1039 4323 1085 4386 hie
1104 4349 1164 4390 oen
1183 4331 1243 4390 vnl-

111 4406 180 4492 6²¹5?
201 4403 355 4485 proruero,
375 4405 541 4468 reeumbere
560 4414 622 4468 toto
644 4409 738 4468 animo
759 4411 788 4468 in
811 4405 915 4483 thum,
935 4408 1013 4488 quod
1031 4406 1095 4468 lieri
1113 4431 1170 4472 non
1192 4429 1243 4491 pe·
