2890 4886
71 293 73 300 >
147 290 161 348 '.
216 281 271 340 1oe
449 278 453 284 ·
645 281 963 328 tonorrnusr

295 407 324 470 3.
353 407 542 470 Recordulos
563 415 614 469 est.
654 393 811 488 Pooqnan
839 401 877 470 de
899 405 1024 490 genumll
1052 407 1227 472 revelatione
1255 409 1352 474 salutis

190 491 193 498 “
217 487 358 568 loquutus
376 493 429 560 est,
448 485 619 568 peculiarem
629 485 686 548 Dei
704 489 823 568 gratiam
843 487 1054 569 ergarueetnn
1073 489 1214 570 populum
1233 495 1351 572 proprio

216 566 310 648 elogio
336 564 524 628 commendat.
569 563 630 628 Etsi
654 569 729 628 enim
754 566 893 630 Gentibus
915 585 950 628 ae
973 565 1083 629 ludaeis
1107 573 1298 632 communiter
1320 591 1352 633 se

216 644 299 742 Deus
317 647 346 707 iu
365 652 476 744 petrem
496 644 608 743 obtulit,
628 643 764 744 alndaeis
776 653 873 744 tamep
891 665 1012 708 exorsus
1031 653 1083 722 est,
1102 655 1136 708 nt
1154 654 1352 746 esseutqnasi

215 723 1351 886 tt‘tttlt..btrtttttlttdttt.“.t.t.t‘:l.t⁰tt·tt.ttt·.⁰

139 923 147 956 r
217 887 332 946 fluxerit
351 885 512 946 eommunis
531 885 620 944 totius
644 881 743 944 mnndi
767 885 938 966 redemptio:
962 885 1045 946 sicuti
1069 888 1154 948 eliam
1178 887 1247 950 dioit
1266 889 1349 950 Clui-

215 971 286 1040 etur,
305 962 391 1024 Salus
408 981 447 1023 ex
465 960 576 1022 ludaeis
594 969 647 1038 est,
667 963 745 1028 ioan.
765 983 827 1047 oap.
838 964 867 1026 4.
887 969 1019 1027 verser.
1040 964 1140 1044 Quare
1159 968 1262 1030 merito
1282 969 1350 1030 dieit

216 1043 378 1125 Propheta,
402 1041 498 1102 Deum
518 1043 555 1106 iul
567 1043 675 1104 mundo
694 1045 873 1120 redimendo,
893 1047 973 1124 fidet
996 1063 1084 1124 quam
1103 1045 1221 1108 dederet
1239 1049 1349 1129 populo

215 1122 312 1193 Israel,
330 1124 519 1191 reeorddnm
537 1143 607 1184 esse.
646 1120 759 1202 Quibus
780 1125 865 1186 eliam
884 1124 979 1185 verbis
998 1125 1089 1200 donet,
1108 1143 1168 1196 non
1187 1126 1242 1188 alia
1262 1147 1349 1188 eausa

214 1201 496 1276 inductum.,inisse‚
524 1201 579 1263 nisi
603 1207 636 1262 ot
660 1202 780 1263 fideliter
803 1211 960 1286 praestaret
983 1203 1061 1284 quod
1084 1203 1177 1267 iuerat
1194 1206 1349 1287 pellicitus.

213 1282 260 1344 Ae
287 1302 348 1361 quo
372 1282 474 1342 melius
499 1282 640 1362 exprimat
663 1283 880 1362 promissionem
908 1303 967 1344 non
991 1285 1139 1356 immeritis
1165 1286 1211 1345 vel
1240 1280 1350 1346 iustitia

213 1361 365 1424 hominnm
376 1361 523 1421 fundatam
539 1379 609 1433 esse,
628 1362 786 1423 mustea
799 1363 893 1444 priore
906 1362 972 1424 loeo
986 1363 1124 1438 nominat,
1142 1363 1350 1445 deindefidem

213 1441 343 1522 adiungit
362 1459 438 1522 qnae
456 1460 494 1501 ex
511 1455 549 1502 ea
565 1439 679 1580 pendet.
718 1441 839 1504 Summa
863 1449 923 1519 est,
944 1441 1041 1504 Deum
1065 1462 1124 1505 non
1143 1445 1246 1512 sniissa
1265 1452 1350 1508 extra

209 1542 262 1596 se,
285 1529 319 1581 ut
338 1521 509 1602 loquuntur,
533 1539 563 1580 se
603 1537 719 1581 eausam
737 1522 875 1602 reperisse
893 1523 924 1584 in
942 1523 1064 1618 grstmta
1082 1541 1135 1584 sue
1154 1523 1295 1600 bonitale,
1318 1533 1349 1586 et

214 1621 296 1664 mero
315 1599 494 1682 beneplacito
514 1598 593 1680 qnod
612 1599 721 1680 pridem
731 1599 862 1661 Abrahae
880 1607 910 1663 et
929 1619 990 1662 erus
1009 1605 1130 1684 posteris
1148 1609 1287 1665 tentatum
1306 1605 1347 1666 le-

214 1687 301 1744 cerat.
325 1677 754 1750 Recordanoiautemterbnn.
772 1680 938 1741 adsensum
958 1679 1104 1742 hominnm
1124 1683 1258 1744 reierturr
1279 1685 1349 1765 quis

213 1761 350 1856 diumpne
368 1759 526 1854 suspensio,
544 1757 684 1896 <paredam
704 1758 809 1828 oblivio
827 1759 918 1856 rideri
936 1767 1057 1856 poteret.
1096 1761 1245 1842 Siquidem
1264 1779 1282 1825 a
1302 1764 1358 1826 die

199 1859 426 1983 vtttttttt
443 1835 780 2010 tot-tltttttt
795 1838 1286 1985 titttltttltttm
1305 1923 1347 1984 a.

213 2001 285 2069 ilieti
303 2004 370 2060 suut
389 1996 500 2073 fideles,
524 2002 556 2056 ut
574 2015 679 2058 mirum
698 2017 758 2058 nou
777 1999 814 2060 sit
832 1999 916 2060 auxie
935 1999 1089 2080 gemuisse,
1117 2003 1175 2062 aosi
1195 2019 1213 2061 a
1231 2021 1284 2083 spe
1302 2003 1347 2062 vi·

1211 1861 1279 1904 nans
1297 1863 1350 1904 ex-
1398 1909 1403 1916 ,

214 2079 324 2142 dendse
340 2084 371 2138 et
389 2077 526 2138 imendae
546 2073 747 2156 redemptionis
766 2075 865 2138 deiecti
885 2077 987 2139 forent
1016 2077 1104 2156 Quod
1123 2081 1259 2142 mutiano
1279 2088 1348 2162 post
1417 2131 1418 2140 ,

212 2159 338 2231 additur,
348 2159 432 2236 fiores
450 2177 550 2218 nenses
567 2165 665 2216 tasrne
684 2159 789 2218 uidisse
801 2159 926 2220 sollum
934 2156 999 2233 Dei,
1017 2177 1076 2220 non
1090 2160 1202 2220 tanturn
1215 2159 1252 2222 ad
1267 2179 1346 2222 oom-

210 2237 422 2302 mrndationem
446 2241 570 2316 spetiei,
598 2235 657 2296 arsi
685 2234 802 2296 dixisset
824 2237 1008 2304 memorabile
1030 2237 1093 2300 iore
1117 2237 1215 2300 salutis
1244 2259 1347 2320 genus,
1417 2243 1418 2306 l

173 2339 185 2388 Ι,
211 2319 294 2382 euius
312 2317 389 2378 lama
407 2314 445 2376 ad
464 2315 581 2380 ultimos
598 2333 692 2394 usque
705 2320 802 2378 terrae
826 2315 897 2379 lines
922 2318 1094 2397 perveniret:
1123 2317 1176 2380 sed
1199 2319 1287 2380 etiam
1306 2321 1346 2380 si·
1417 2357 1418 2380 r

207 2394 468 2562 ffiquassmm
487 2411 563 2476 quae
580 2393 664 2478 prius
680 2395 738 2456 suis
758 2393 862 2456 delitiis
880 2395 1033 2459 uenam
1050 2396 1178 2475 fueraut,
1200 2398 1264 2460 lore
1283 2401 1346 2462 tim

284 2497 310 2540 or

208 2693 234 2728 Ι,
297 2627 331 2704 4.
357 2631 523 2700 Exsultale
545 2631 681 2702 lebnrae
703 2632 807 2702 omnis
827 2581 1104 2718 terrapresonale,
1125 2645 1159 2704 et
1178 2635 1345 2720 exsultate
1417 2619 1418 2636 ¹

210 2753 244 2813 et
264 2738 414 2834 plaudite.
454 2739 485 2805 5.
507 2736 634 2808 Psallite
655 2737 792 2809 lehovae
813 2741 847 2808 in
869 2738 994 2824 eithara,
1013 2741 1047 2808 in
1069 2739 1187 2810 eithara
1208 2751 1242 2810 et
1262 2763 1345 2811 ,vose
1417 2745 1418 2760 ¹

208 2847 334 2918 moliri:
377 2843 409 2914 6.
432 2843 467 2912 ln
489 2843 575 2912 tubis
594 2855 628 2913 et
647 2869 728 2914 rone
750 2845 898 2916 buccinae
920 2845 1041 2940 psallite
1064 2870 1171 2915 coram
1192 2845 1280 2940 Rege
1301 2845 1344 2915 le

208 2957 305 3021 hova.
349 2951 380 3018 7.
407 2949 549 3018 Resonet
568 2973 671 3034 mare,
692 2960 726 3020 et
746 2951 909 3042 plenitudo
931 2952 1013 3022 eius:
1037 2950 1137 3040 orbis,
1160 2963 1194 3023 et
1215 2954 1274 3045 qui
1292 2953 1345 3020 ha-

208 3057 309 3127 bitant
329 3055 362 3123 in
384 3076 434 3124 eo.
479 3055 510 3123 8.
544 3053 690 3124 Flumina
711 3055 862 3150 plaudent
883 3081 994 3142 manu,
1020 3059 1116 3127 simul
1142 3069 1270 3127 montes
1292 3081 1344 3128 ex·

207 3165 344 3234 sultentr
386 3162 420 3230 9.
452 3159 505 3228 Ad
531 3173 736 3255 conspectum
756 3161 906 3247 lehovae‚
939 3163 1121 3256 quieverit
1146 3163 1344 3233 adiudinan-

208 3272 283 3340 dam
302 3279 431 3338 terramr
452 3266 599 3338 iudicabit
620 3269 730 3338 orbem
752 3269 785 3337 in
806 3269 931 3354 iustitia,
952 3280 986 3340 et
1006 3269 1146 3363 populos
1165 3271 1200 3340 in
1221 3270 1345 3340 rentitu·

207 3375 341 3445 dinibus.
883 3469 887 3478 1
1133 3378 1142 3394 “

287 3521 317 3584 4.
346 3521 524 3616 Emendate
541 3518 666 3616 'Repetit
693 3517 920 3616 exhortationem
949 3539 1008 3600 qua
1035 3521 1116 3582 initio
1145 3539 1216 3618 usus
1231 3519 1342 3616 'inerat

205 3598 1341 3756 ffitldtlt.“ttttttttlltbttfiittltltttllll:

205 3761 328 3842 eolliget.
364 3757 398 3820 lu
416 3759 532 3820 musieis
551 3758 745 3819 lustrumeub's
764 3757 863 3818 ntudb
882 3757 959 3818 baud
978 3757 1064 3822 dubie
1082 3759 1119 3819 sd
1139 3761 1279 3839 temporis
1296 3760 1341 3818 sni

204 3841 322 3904 molem.
361 3837 472 3898 luteres
490 3837 584 3898 noluit
602 3837 710 3898 Gentes
729 3838 896 3898 ceremoniis
914 3837 1054 3919 legalibus
1073 3837 1260 3919 obstringere.
1284 3837 1340 3899 (le-

204 3927 301 3982 lernnn
319 3919 349 3978 in
368 3915 524 3978 rerbomm
542 3917 711 3996 repetitione
727 3915 910 3996 ¹vehementia
930 3923 987 3980 est:
1017 3918 1075 3978 sesi
1095 3918 1222 3992 dixisset,
1241 3937 1341 3998 quam·

204 3999 275 4064 libet
287 3998 421 4072 ardenter
433 4002 573 4060 ornentur
588 3995 718 4056 homines
729 3995 873 4058 celebrare
884 3995 1227 4079 mnudiredanptionem,
1245 3998 1341 4059 nullas

201 4085 303 4142 tamen
320 4077 420 4140 hedes
438 4077 545 4156 gratiae
564 4075 749 4157 magnitudini
769 4096 851 4156 pares
869 4075 940 4137 iore.
962 4074 1050 4156 Quod
1068 4077 1207 4147 etiamen
1222 4096 1339 4158 sequeu-
1417 4149 1418 4152 Ἴ

204 4159 282 4220 tibus
306 4158 407 4218 melius
430 4160 525 4236 patet,
554 4151 603 4213 ubi
625 4155 710 4216 rebus
734 4157 895 4217 inanimatis
914 4175 1030 4218 mosum
1049 4157 1156 4218 tribuit.
1195 4157 1254 4217 Sed
1274 4157 1340 4237 quia
1417 4177 1418 4200 1

205 4245 284 4300 totns
303 4237 351 4298 laio
370 4241 522 4300 eontentio
540 4231 607 4296 alibi
626 4235 775 4318 expositus
797 4235 866 4313 rut,
892 4255 973 4322 nuno
995 4235 1127 4320 pluribus
1150 4236 1276 4300 direnrlia
1293 4255 1339 4298 su·
1417 4319 1418 4328 ἵ

204 4314 351 4405 possedeo.
