2874 4888
174 269 228 328 153
614 265 904 310 sosarmo-s

140 441 143 451 .
195 423 204 436 ·
262 388 318 480 20,
345 385 396 454 hu
424 383 593 457 sociabitur
618 383 675 454 tibi
700 383 818 452 solium
845 382 1056 474 iniquitatum,
1080 377 1193 452 artifex
1215 384 1314 454 mole

177 493 265 566 stiae¹
278 492 351 560 loco
373 491 471 560 iuris?
512 490 567 558 91.
590 489 730 558 Coibunt
752 513 848 583 super
869 490 1007 582 animam
1028 488 1111 572 iusti,
1132 499 1164 556 et
1185 491 1314 581 saugui-

168 623 252 674 ,nem
283 596 460 667 innocentis
481 596 689 671 damnabunt.
740 596 804 674 22,
822 595 920 687 Atqui
946 594 1005 662 luit
1030 591 1148 664 lehova
1174 595 1252 662 mibi
1278 597 1315 664 iu

109 763 110 766 ,
168 723 291 787 arcem,
318 713 351 772 et
371 702 462 771 Deus
488 725 581 773 meus
606 702 650 782 in,
667 725 781 794 rupem
801 701 933 770 fiduciae
959 724 1067 769 meac:
1114 701 1168 768 23.
1195 699 1239 768 Et
1267 725 1315 770 re·

170 810 294 902 ,pendet
318 805 415 899 super
441 829 499 880 eos
524 807 721 899 iniquitatem
748 808 906 898 ipsomm,
933 818 966 874 et
992 806 1026 873 in
1053 805 1171 874 malitia
1198 830 1314 876 eorum

177 914 287 1012 perdet
308 937 376 1002 eos,
397 915 509 1006 perdet
531 938 587 984 eos
609 911 725 988 lebova
747 911 838 981 Deus
860 921 976 982 noster.

166 1129 171 1136 ’
257 1105 308 1165 20:
325 1107 377 1164 An
395 1103 566 1164 sectabitur.
595 1099 741 1162 Fiduciam
760 1119 859 1162 rursus
878 1099 986 1180 collip‘t
1005 1097 1089 1160 allai
1108 1108 1224 1164 naturae
1244 1103 1314 1182 qula

177 1181 239 1244 heri
259 1201 317 1241 nun
337 1187 433 1262 potest
451 1188 484 1241 ut
503 1182 550 1242 vel
569 1181 705 1262 improbis
727 1181 831 1254 levent,
855 1181 902 1242 vel
922 1183 1080 1240 consentiat
1098 1181 1314 1262 impiis'eorum

178 1259 441 1342 machinationibus.
472 1259 537 1321 Deo
556 1269 651 1321 autem
672 1261 792 1322 adverso
812 1260 959 1340 quomodo
974 1261 1119 1320 interitum
1138 1262 1315 1342 effugerent?

121 1379 129 1409 .
177 1341 248 1401 Plus
273 1349 372 1401 autem*
397 1339 591 1408 vehementiae
615 1339 702 1401 habet
723 1337 922 1420 interrogatio,
946 1358 1005 1420 qua
1024 1339 1108 1400 docet
1126 1359 1241 1400 omnem
1259 1343 1315 1400 ini-

168 1423 314 1502 -quitatem
334 1419 390 1480 Dei
409 1427 525 1480 naturae
545 1437 607 1480 esea
627 1419 806 1482 contmriam.
845 1422 923 1482 Solii
946 1425 1042 1480 nutem
1061 1419 1193 1480 consulto
1212 1421 1314 1480 memi-

176 1504 228 1576 nit,
252 1501 319 1582 quia
344 1519 402 1562 non
428 1505 542 1559 accusat
566 1499 698 1582 vulgares
718 1501 847 1576 sicarios,
872 1499 920 1559 vel
938 1497 1029 1574 iures,
1076 1519 1177 1560 uorum
1196 1499 1314 1560 iufamia

176 1583 282 1662 passim
300 1586 370 1640 nota
389 1581 435 1653 ait,
454 1579 505 1640 sed
525 1585 623 1639 contra
642 1587 781 1659 tyrannos
799 1577 944 1640 invehitur
963 1579 1013 1658 qni
1031 1577 1047 1639 i
1082 1579 1125 1638 aci
1143 1580 1212 1638 iuris
1231 1599 1313 1660 prae-

111 1681 116 1700 ·
177 1667 260 1720 textu
280 1658 475 1740 opprimebant
494 1653 660 1720 Ecclesiam.
699 1656 780 1719 Dicit
797 1677 876 1739 ergo,
896 1649 1027 1739 quamvis
1047 1666 1189 1739 occupent
1207 1659 1313 1720 solium

77 1763 79 1770 ’
126 1749 131 1757 “
178 1739 256 1820 quod
275 1738 343 1799 Deo
362 1745 558 1800 consecratum
578 1745 630 1813 est,
651 1737 721 1798 nihil
740 1745 836 1800 tamen
857 1757 923 1798 eum
942 1741 1006 1819 ipso
1025 1755 1178 1798 commune
1196 1736 1312 1813 bebere,

177 1825 319 1900 qrrateoue
338 1819 441 1878 solium
460 1804 532 1878 illud
550 1817 702 1880 sceleribus
726 1819 784 1878 suis
804 1816 937 1898 polluunt
960 1836 994 1876 ac
1013 1819 1215 1878 contaminant.
1245 1816 1312 1878 Clu·

177 1901 237 1958 rius
258 1917 291 1960 se
307 1898 427 1979 exponit
441 1898 535 1964 'altero
554 1897 692 1970 membro,
712 1895 760 1958 ubi
779 1915 896 1978 prorsus
915 1916 933 1956 a
953 1895 1018 1957 Deo
1038 1897 1144 1957 alienos
1163 1917 1225 1958 esse
1244 1917 1314 1978 pro-

172 1979 291 2038 nuntiet
309 1979 359 2058 qui
379 1976 540 2038 molestiam
553 1976 691 2038 fabricant
709 1977 775 2038 loeo
795 1977 873 2036 iuris.
903 1979 974 2078 ΡἹΠ
993 1975 1133 2057 signifieat
1149 1978 1197 2038 ius
1214 1985 1244 2038 et
1263 1977 1312 2037 de·

177 2065 297 2130 cretum,
321 2055 369 2118 vel
393 2063 532 2116 statutum
557 2058 694 2118 ordinem.
734 2055 903 2136 Perstringit
927 2056 1015 2136 igitur
1039 2053 1183 2136 Propheta
1206 2057 1244 2116 im
1267 2077 1313 2116 ro·
1430 2063 1431 2114 l

177 2136 369 2208 bos'ludioes,
389 2138 439 2215 qui
458 2155 510 2217 per
529 2155 614 2196 omne
629 2137 856 2217 oppressionum¹
890 2154 945 2195 nus
959 2135 1123 2214 grassando,
1142 2078 1315 2196 simulabant

169 2223 273 2277 tamen
293 2235 324 2274 se
344 2222 439 2286 tenere
458 2224 568 2276 reatum
587 2215 674 2276 officii
699 2235 822 2276 cursum.
886 2217 912 2274 ic
935 2216 1011 2276 enim
1031 2215 1131 2294 perfidi
1151 2213 1260 2274 ludices
1279 2221 1313 2276 ut

170 2297 386 2378 possessiouem
406 2294 516 2355 bonesti
537 2303 565 2356 et
584 2298 703 2378 speciosi
723 2295 799 2356 tituli
818 2295 965 2366 retineant,
985 2293 1199 2354 varioseolores
1218 2313 1312 2358 aoeer·

170 2375 307 2436 ‘suntad
331 2375 451 2456 tegenda
476 2393 544 2436 suae
567 2376 858 2455 tyrannidis-flagitia.
898 2373 982 2433 Nunc
1001 2382 1132 2435 tenemus
1193 2373 1221 2434 id
1240 2373 1312 2434 Pro-

176 2455 264 2536 pheta
287 2454 366 2530 velit,
390 2475 492 2534 nempe
513 2455 644 2535 quamvis
668 2453 856 2515 honorificum
877 2454 913 2513 sit
933 2453 996 2513 solii
1015 2473 1129 2526 nomeu,
1148 2473 1167 2513 u
1187 2455 1198 2513 i
1217 2459 1313 2515 tamen

172 2529 370 2618 'corrumpitur
389 2533 539 2597 hominum
557 2536 705 2616 pravitate,
725 2554 777 2594 sno
797 2532 890 2614 pretio
909 2531 1066 2594 ethonore
1085 2533 1216 2594 excidere
1235 2531 1313 2616 apud

173 2611 283 2694 Deum,
304 2615 354 2694 qui
374 2613 513 2693 iniquitati
533 2613 681 2694 sullmgari
701 2633 757 2672 uon
779 2617 881 2694 polest.
1202 2663 1210 2680 ,

170 2702 178 2736 ·¹
255 2697 304 2755 21.
327 2695 473 2754 cottona*
499 2689 577 2771 Quia
600 2691 720 2753 verbum
741 2697 810 2762 *m
834 2691 882 2752 rel
906 2695 966 2760 *th
990 2691 1088 2770 copias
1118 2691 1165 2752 rel
1194 2711 1312 2754 menum

171 2773 314 2852 'colligere
329 2771 475 2850 significat,
495 2789 553 2833 non
574 2773 692 2832 dubium
711 2779 754 2832 est
774 2771 843 2852 quin
862 2770 1000 2852 significet
1018 2769 1162 2852 Propheta
1180 2793 1240 2834 uon
1259 2773 1314 2834 ribi

170 2853 238 2947 'ilerd
258 2853 403 2930 negotium
423 2851 774 2948 agregpriislrominibus,
793 2850 843 2911 sed
863 2850 1008 2911 adocibus
1029 2851 1128 2946 populi
1147 2852 1198 2932 qui
1215 2872 1312 2912 rerum

172 2929 744 3091 ibibibnbblalbiciirpiiiiatbhlrnrimirii
757 2928 972 3070 lbiiibo’hiiirsisi
989 2929 1238 3082 iiaibiilirsafiibeieb
1252 2953 1313 3091 bion

174 3091 251 3150 blloo
269 3097 368 3148 coetui
403 3087 497 3152 Triste
516 3090 640 3170 quidem,
664 3093 803 3151 ucetiam
823 3097 907 3170 turpe
926 3089 1092 3228 exemplum
1111 3089 1174 3164 luit,
1192 3091 1223 3150 in
1242 3091 1312 3172 legi-

171 3171 410 3229 ·tirhoeonventu
428 3169 467 3228 ita
486 3189 605 3250 regnare
623 3171 662 3230 im
684 3171 778 3244 rohos,
798 3176 832 3229 ut
850 3170 905 3230 coll
941 3170 1000 3228 ium
1024 3169 1138 3228 udieum
1154 3169 1313 3230 nihilaliud

176 3255 253 3310 eeset
273 3269 366 3328 quam·
379 3249 524 3309 latronum
543 3249 635 3309 turba.
694 3251 806 3311 emhoc
825 3248 868 3309 bis
887 3251 916 3309 in
937 3252 1034 3330 ignum
1045 3255 1097 3321 eet,
1118 3247 1200 3342 ubip
1221 3252 1313 3330 premi

175 3323 280 3389 luerint
299 3328 556 3404 innoxiihomines,
575 3330 659 3390 simul
679 3350 747 3390 cum
765 3330 866 3389 iniuria
877 3327 1012 3411 pmbrum
1023 3329 1172 3389 sustinere·
1228 3329 1313 3390 eiude
1430 3347 1431 3358 ¹

137 3453 139 3464 ,
175 3409 245 3488 quid
271 3410 373 3467 minus·
389 3416 625 3483 consentaneum,
650 3429 736 3491 quarn
761 3416 795 3468 ut
819 3415 880 3468 tota
903 3409 1023 3468 lorensis
1048 3410 1121 3468 ratio
1141 3406 1213 3484 nibil
1232 3409 1312 3469 uliud

172 3491 211 3548 sit
254 3505 319 3547 uam
339 3488 455 3548 scelesta
480 3489 651 3569 conspiratio
675 3488 713 3548 etl
737 3489 863 3549 insontes
886 3487 1079 3548 damnandos?
1103 3487 1161 3548 Sed
1186 3487 1242 3548 hoe
1261 3509 1311 3549 ex·

172 3509 270 3647 empilo
291 3584 345 3627 noe
363 3566 448 3630 bodie
467 3570 569 3628 armari
590 3571 732 3642 convenit,
751 3569 775 3628 si
794 3573 906 3626 tantum
925 3567 1054 3627 licentiae
1072 3567 1311 3664 permittatDeup
1396 3627 1398 3631 .

115 3687 120 3695 ·
174 3648 277 3785 plmpiip,
289 3653 334 3705 ort
353 3655 503 3784 praptextu
522 3649 600 3722 iuris',
624 3649 655 3744 ip
675 3647 827 3786 perniciepr
842 3646 995 3784 'lpppomm
1014 3653 1045 3740 et
1062 3647 1242 3744 simplicium,
1262 3656 1311 3710 trr-

173 3725 1312 3888 ,sttrttitt,thritttlitzttlttr,ttttd‘gttittgth

173 3887 274 3946 minin:
295 3888 361 3965 quia
372 3893 466 3945 temon
481 3892 601 3966 utraque
617 3889 774 3947 tentatione
788 3901 886 3944 munos
906 3905 974 3945 suos
993 3884 1063 3946 olim
1081 3889 1210 3948 excreuit
1220 3885 1312 3962 Deus,

172 3963 313 4026 discamus
334 3984 391 4025 non
412 3966 505 4026 solum
525 3968 658 4026 iniustam
675 3966 839 4025 violentiam
861 3983 953 4044 aequo
977 3969 1073 4024 animo
1091 3965 1176 4041 terre,
1196 3967 1249 4026 sed
1266 3967 1311 4026 in-

70 4104 72 4113 ,
173 4045 273 4126 dignas
290 4039 377 4104 stiam
398 4045 564 4118 calumnias,
584 4045 695 4124 quibus·
706 4049 818 4124 praeter
837 4045 968 4104 meritum
988 4064 1150 4125 gravamur.

234 4123 414 4206 'auersique
434 4128 507 4204 fuit.
548 4124 701 4185 Concludit
725 4121 879 4203 Propheta,
904 4126 1035 4203 quamvis
1055 4125 1084 4184 iu
1104 4131 1197 4184 tantos
1218 4103 1311 4262 cupu-
1430 4121 1431 4134 ¹

170 4203 237 4264 stiae
262 4203 395 4263 redactus
419 4209 507 4274 esset,
537 4203 589 4263 sibi
615 4204 684 4262 satis
709 4202 796 4262 luisse
819 4205 849 4262 iu
870 4201 934 4263 Deo
959 4224 1017 4262 uuo
1038 4204 1182 4283 praesidii:
1204 4205 1254 4281 qui
1276 4223 1310 4262 us

170 4283 263 4345 verbis
282 4286 386 4343 iterum
406 4285 467 4342 eius
487 4283 622 4342 virtutem
639 4277 771 4358 illustrat,
791 4285 857 4363 quin
872 4284 951 4343 solue
972 4289 1029 4342 tum
1050 4283 1158 4342 rabdos
1178 4288 1309 4358 oonahrn

169 4369 260 4426 tautae
280 4365 386 4444 copias,
404 4368 572 4458 tantumque
590 4362 716 4424 furorem
735 4361 887 4444 subegerit.
916 4359 982 4424 Nou
1001 4361 1095 4423 solum
1116 4367 1213 4422 autem
1233 4360 1302 4422 dicit
