2874 4888
423 293 426 304 '
533 299 853 353 russanum
1197 317 1287 396 143¹

109 435 201 496 lorma
226 435 290 494 einr
314 434 435 494 obscura
459 437 534 494 esset
558 429 607 494 ubi
633 451 686 494 nos
711 451 763 492 sua
787 429 971 498 beneficentia
995 440 1129 520 prosequi
1147 449 1247 504 cessat„

108 513 248 594 Sequitur
272 513 387 589 deinde,
413 535 488 594 opus
511 535 654 574 morsuum
676 521 848 572 nostrorum
868 515 967 596 dirige
984 522 1040 575 su*
1091 541 1164 580 nos:
1187 541 1246 601 quo

109 593 253 674 significat
274 591 384 669 Moses,
408 593 479 652 nibil
503 611 590 672 posse
614 611 668 651 nos
692 591 812 652 feliciter
834 595 948 672 aggredi
970 613 1009 654 ve
1044 599 1167 671 tenore,
1192 601 1247 660 nisi

109 673 179 733 dum
203 691 236 732 se
260 671 362 733 ducem
385 678 416 732 et
434 677 581 734 auctorem
599 665 718 752 piaebet
737 669 833 745 Dens,
852 678 882 733 et
901 673 1033 752 auspiciis
1053 678 1112 735 suis
1130 697 1184 737 nos
1203 699 1246 739 re·

107 755 158 834 git.
198 749 283 812 Unde
306 752 451 834 sequitur,
474 771 542 812 suos
565 751 692 834 prolenis
715 748 882 813 bominibus.
902 760 1021 813 conatus
1041 761 1070 812 et
1089 757 1182 816 studia
1202 777 1245 818 re·

107 839 234 892 trorsum
254 831 366 906 cadere,
427 827 559 891 laDeum
579 849 638 890 nan
658 831 813 912 sequendo,
833 829 950 891 coniuse
969 839 999 891 et
1018 831 1246 897 inordinateom.

109 914 167 1008 nia.
181 918 359 993 pervertunt
386 849 464 1008 bisc·
481 905 658 1006 'supervacua
684 915 727 1006 est
772 891 1026 989 retributire,
1056 928 1122 974 nam
1142 917 1196 1012 etsi
1215 918 1245 977 in

105 988 578 1150 tiltl?‚lttlr,⁶ttt„⁰ilt
592 987 739 1129 soleti}
760 996 847 1139 ,tlt
870 995 902 1130 t
924 993 1249 1155 lll‘ttttllll:
1277 1013 1280 1029 '

105 1150 181 1210 rium
200 1148 285 1210 Deus
308 1156 432 1210 exercet
473 1147 546 1208 Nam
571 1167 673 1209 arcana
693 1165 744 1209 sua
764 1148 942 1228 providentia
963 1171 1036 1230 opus
1057 1171 1140 1214 suum
1161 1162 1244 1216 extra

105 1229 201 1310 dirigit
219 1227 303 1290 Deus
326 1249 394 1310 erga
417 1229 569 1309 reprobos,
593 1229 643 1288 sed
667 1229 743 1288 intus
766 1227 864 1288 fideles
888 1247 944 1290 sno
964 1229 1072 1310 Spiritu
1096 1231 1243 1310 gubernat,

104 1309 229 1390 ideoque
253 1311 367 1390 proprie
392 1327 466 1389 opus
486 1325 622 1368 manuum
641 1309 769 1387 ipsorum
789 1309 909 1368 ordinat.
949 1307 987 1368 lit
1006 1313 1138 1390 repetitio
1158 1313 1249 1374 docet·

104 1391 276 1449 continuum
299 1390 526 1468 perseverantias
550 1394 678 1448 tenorem
702 1387 809 1469 requiri
833 1388 863 1448 in
883 1386 938 1447 Dei
963 1390 1067 1468 gratia:
1093 1393 1242 1470 quianon

103 1468 251 1530 sufficeret
280 1467 317 1527 ad
342 1468 489 1528 dimidium
514 1485 605 1547 usqne
628 1468 683 1528 iter
706 1485 760 1526 noe
784 1485 847 1528 esse
872 1465 1039 1547 perductos,
1069 1471 1122 1529 nisi
1147 1477 1241 1534 totum

104 1565 220 1608 cursum
242 1549 393 1628 compleat.
416 1546 480 1608 attii
499 1553 628 1622 vertunt,
652 1545 802 1607 confirma:
827 1548 878 1626 qui
896 1565 997 1608 sensus
1015 1547 1168 1610 tolerabilis
1188 1559 1243 1612 est.

103 1625 253 1707 Sequutus
271 1635 367 1688 tamen
386 1645 451 1686 snus
470 1625 549 1706 quod
568 1625 605 1686 ad
624 1632 790 1686 oonthum
810 1628 905 1707 aptius
924 1635 995 1701 erat,
1014 1647 1118 1711 nempe
1137 1636 1240 1692 utum*

102 1725 153 1768 nes
170 1708 289 1791 piorum
307 1707 433 1773 actiones
451 1705 534 1769 Deua
552 1705 669 1768 ordinet.
682 1707 713 1766 ln
731 1704 818 1768 linem
837 1723 1017 1788 prosperum.

364 2103 369 2114 ’
441 2145 774 2218 essenus
818 2143 902 2216 xci

106 2354 171 2396 Aac.
183 2355 675 2410 necepses-emmunim,
688 2357 832 2410 staupum
845 2353 1163 2409 neumasiensi-a.
1190 2359 1241 2402 m.

183 2437 222 2482 μ
233 2425 434 2480 londwfiddu,
446 2430 473 2468 at
485 2425 533 2468 stu
542 2424 657 2479 praetrita
671 2423 756 2478 melei,
768 2435 896 2479 nunfai·
908 2424 981 2468 unia
992 2425 1240 2472 esame-tm

185 2495 325 2542 vivom
338 2496 453 2540 aalma
470 2496 522 2552 puis
534 2495 578 2537 stat
590 2493 617 2536 dt
624 2493 764 2549 pauenda
776 2495 821 2538 uss
832 2493 951 2552 beentur
963 2508 1046 2551 mea,
1056 2497 1242 2554 summast.

179 2566 327 2680 muse
343 2567 465 2622 moden,
483 2566 522 2610 ata
540 2571 611 2609 tanea
627 2564 754 2622 ωκρίιυ
771 2565 861 2624 quisqu
876 2561 1238 2623 edmunduflditm·

144 2827 176 2896 1.
198 2826 351 2898 Habitans
372 2829 405 2896 in
427 2828 532 2896 abdito
549 2823 753 2912 Exbelsi,'in
781 2827 892 2896 umbra
915 2826 1151 2922 Omnipotentis
1173 2854 1239 2899 mo·

101 2933 230 3002 rabitur.
273 2935 305 3003 2.
328 2934 441 3003 Dicam
461 2919 608 3020 Iehova'e,
631 2957 705 3026 spes
727 2957 798 3003 mea
822 2945 854 3003 et
880 2959 937 3002 arx
959 2958 1044 3005 mea:
1065 2933 1155 3005 Deus
1177 2962 1240 3008 me

100 3061 155 3124 ue,
183 3040 319 3132 sperabo
345 3042 380 3108 in
400 3042 482 3132 ipso.
526 3042 558 3110 3.
582 3039 675 3108 Certe
702 3041 773 3132 ipse
793 3040 935 3110 liberabit
955 3051 987 3109 te
1010 3033 1166 3132 a'laqueo
1189 3069 1240 3112 au-

100 3147 200 3236 cupis,
222 3156 347 3238 operte
369 3127 480 3215 noxia:
523 3139 557 3215 4.
579 3146 648 3214 Alis
670 3145 736 3214 suis
757 3157 902 3238 proteget
922 3157 966 3230 te,
987 3156 1020 3217 et
1041 3148 1102 3216 sub
1123 3150 1240 3240 pennis

100 3251 168 3319 eiu's
191 3261 281 3322 tutus
302 3253 379 3336 eris,
400 3264 527 3322 scutum
550 3263 582 3324 et
604 3253 736 3346 clypeus
757 3252 871 3326 veritas
893 3251 972 3322 eius.

158 3471 189 3530 1.
209 3469 359 3529 Habitum
377 3476 409 3528 to
428 3469 537 3530 aldio.
557 3465 680 3528 Hebraei
699 3466 816 3548 qnidam
834 3467 1001 3548 interpretes
1022 3485 1081 3527 uno
1097 3473 1235 3531 contextu
1324 3467 1326 3479 '

98 3546 197 3627 legunt
215 3553 274 3608 trss
294 3550 402 3627 primos
420 3568 531 3625 venne,
552 3555 584 3608 ut
604 3547 727 3630 pendeat
746 3549 885 3608 sententia
905 3565 997 3627 usque
1017 3546 1053 3606 ad
1074 3545 1248 3610 membrum‘
1275 3569 1278 3589 ³

97 3627 177 3700 illud,
197 3625 283 3686 Certe
301 3633 383 3688 eruet
402 3634 431 3687 te
450 3645 467 3686 a
486 3629 590 3708 laqueo
609 3629 740 3708 aucupis:
760 3633 847 3706 atque
867 3627 906 3685 ita
925 3633 1089 3706 exponunt,
1110 3625 1169 3706 Qui
1186 3627 1235 3688 ba·

97 3704 168 3765 bitat
186 3707 218 3766 iu
238 3706 348 3788 refugio
368 3707 487 3781 excelsi,
506 3707 582 3770 etin
600 3708 700 3768 umbra
720 3703 777 3766 Dei
796 3713 1004 3777 commoratur,
1025 3705 1066 3765 illi
1088 3705 1180 3766 dicam
1200 3707 1236 3766 ds

96 3784 218 3860 labora,
242 3787 321 3866 qnod
344 3787 381 3846 sit
404 3805 470 3867 apes
494 3773 554 3846 ein's
575 3793 603 3847 et
622 3785 883 3926 propugnaculum,
909 3791 938 3844 et
959 3784 1040 3846 Dens
1059 3786 1088 3844 in
1109 3804 1169 3866 qno
1188 3800 1237 3846 ao-

97 3867 243 3944 quiescere
263 3872 325 3926 tuto
344 3865 441 3926 liccats
462 3861 607 3945 Quoniam
639 3865 859 3927 iberabiteuma
872 3865 985 3944 laqueo,
1000 3871 1055 3924 eto.
1075 3863 1133 3926 Sed
1146 3883 1235 3945 quum

98 3951 214 4004 mactus
239 3947 277 4004 eit
296 3963 395 4006 sensus
414 3946 476 4020 ille,
501 3948 596 4028 palam
615 3954 668 4008 eet.
708 3943 820 4004 Deinde
840 3947 889 4024 qui
909 3945 950 4004 ita
969 3946 1108 4017 sentiunt,
1133 3944 1235 4005 birola

96 4026 397 4085 renone-novennis
420 4028 488 4106 qnia
511 4028 541 4086 iu
565 4029 658 4108 primo
681 4043 769 4085 versu
791 4025 867 4084 idem
893 4022 936 4082 bia
955 4024 1043 4103 repeti
1063 4025 1237 4099 existimant,

95 4102 218 4184 ideoque
242 4105 354 4165 nullum
374 4125 489 4166 sensum
508 4113 629 4186 possum
648 4105 764 4178 elicere,
783 4105 813 4163 in
832 4123 891 4185 quo
912 4104 996 4183 longa
1015 4102 1165 4164 tolluntur'r
1189 4123 1236 4164 res

96 4184 173 4242 enim
193 4183 318 4244 diversas
338 4192 418 4245 notat
437 4183 593 4266 Propheta,
612 4186 741 4324 quisipuis
760 4185 798 4244 sit
811 4183 918 4248 Psalmi
939 4189 1048 4256 auctor,
1069 4181 1164 4242 dicens
1184 4203 1236 4245 eos

96 4261 147 4341 qni
166 4261 325 4324 absconditi
344 4264 433 4324 latent
452 4263 505 4324 sub
525 4265 580 4325 Dei
600 4273 683 4326 custo
703 4267 739 4340 ia,
759 4277 818 4324 non
837 4281 901 4324 esse
919 4263 1042 4323 telorum
1061 4261 1164 4322 ictibus
1184 4281 1240 4323 ex:

96 4343 216 4420 weitos,
235 4342 285 4402 scd
304 4342 460 4404 inhabitare
481 4351 574 4403 tntum
595 4353 624 4405 et
644 4348 772 4425 quietum
792 4345 899 4404 locum.
940 4339 973 4402 Si
994 4342 1057 4420 quis
1078 4342 1117 4402 ita
1137 4342 1235 4424 loqua-

96 4427 156 4494 tur,
176 4419 236 4499 Qui
258 4419 354 4482 Deum
378 4422 464 4483 babet
485 4423 639 4504 praesidem
661 4425 760 4484 salutis
779 4441 863 4497 suae,
888 4419 937 4482 ille
956 4423 1083 4502 quiesset
1101 4421 1154 4484 sub
1176 4443 1235 4484 uul-

121 4515 230 4560 cntrtm
242 4518 265 4560 ia
279 4519 361 4560 Puta.
375 4520 438 4562 Tou.
452 4520 482 4562 ll.
923 4505 962 4566 10
