2874 4888
86 321 260 416 ‘st‘
389 387 393 396 .
591 348 878 403 scaurrnps

171 479 265 541 Princi
285 497 341 538 nm·
366 476 497 557 ignaviae
515 479 611 535 tamen
630 491 735 534 eoram-
747 469 812 532 Deo
833 469 976 542 damnari,
995 469 1050 530 nisi
1067 473 1173 549 sponte
1191 485 1304 546 succur-
1404 500 1408 514 ι

133 607 137 640 ,
170 568 242 622 runt
266 499 353 617 bani
373 558 448 616 enim
468 555 593 616 worem
614 553 694 612 hunc
710 550 907 632 praetendunt,
927 549 976 608 ubi
995 550 1142 608 manifeste
1160 555 1307 624 grassatur

170 629 320 720 iniquitas,
349 639 471 716 gemitus
489 640 518 695 et
537 632 733 714 querimoniae
754 631 858 708 passi'm
883 636 1032 702 remoant,
1061 649 1094 688 se
1116 627 1224 688 mederi
1246 647 1305 684 nnn

170 717 256 802 posse
273 716 355 778 malis
374 716 466 774 donec
485 713 577 793 rogati
595 713 708 772 fuerint.
736 709 813 788 Quia
827 711 914 788 igitur
929 727 980 788 per
994 727 1026 768 se
1044 709 1114 767 satis
1132 708 1235 768 clamat
1255 727 1306 784 op-

171 801 307 880 prisseio,¹
320 797 348 854 si
367 794 458 854 bsdex
481 795 511 853 in
536 793 594 852 alto
618 791 733 872 specula
758 789 858 848 sedens
877 790 1025 864 couniret,
1052 787 1306 848 dissimuletionent
1427 861 1428 874 χ

111 937 120 947 ,
173 881 246 940 bauo
263 881 382 956 impune
400 893 460 935 non
478 889 623 964 cessorem
642 868 787 952 Propheta
806 867 961 930 denuntiat.
1099 933 1103 940 ,

265 1103 296 1172 5.
329 1101 404 1170 Non
426 1109 631 1192 cognoscunt,
658 1121 763 1188 neque
783 1095 970 1188 intelligunt,
991 1094 1182 1164 intenebris
1204 1093 1311 1160 ombu-

131 1223 137 1245 '
173 1213 253 1294 lent,
283 1213 430 1302 momnis
457 1215 647 1284 moveantur
672 1203 779 1270 omnia
805 1203 1009 1270 fundamenta
1031 1214 1141 1271 terrae.
1186 1201 1217 1268 6.
1235 1199 1310 1291 ιΕρςο
1427 1281 1428 1286 ¹

177 1317 252 1400 dixi,
273 1313 327 1384 Dii
338 1313 423 1396 estis,
444 1321 476 1380 et
497 1311 551 1378 fibi
565 1308 695 1405 Excelsi
717 1333 777 1377 vos
799 1331 922 1378 omnes.
952 1309 982 1378 7.
1006 1307 1098 1378 Certe
1109 1310 1190 1378 sicut
1198 1307 1311 1390 houm,
1427 1381 1428 1384 Ἴ

91 1454 93 1467 =
177 1419 370 1504 morieminit
391 1429 425 1486 et
446 1418 527 1485 sicat
549 1415 688 1508 quilibet,
709 1413 871 1506 Principes
892 1415 1018 1484 cadetis
1042 1419 1083 1512 P·
1105 1416 1206 1506 Surge
1222 1414 1313 1481 Deus

177 1528 279 1596 iudica
302 1515 428 1626 tenram,
450 1523 525 1616 quia
546 1533 583 1590 tu
604 1521 809 1590 haereditabis
831 1520 865 1588 in
887 1521 1006 1590 cunctis
1028 1502 1199 1594 Gentibus,

257 1671 380 1735 estus
398 1691 433 1732 eo
478 1677 591 1729 oscum.
620 1665 779 1748 Postquam
798 1664 885 1727 oiseii
904 1667 1052 1728 admonuit
1070 1665 1226 1746 Principes,
1243 1659 1312 1726 bon·

147 1761 152 1768 '
179 1753 307 1892 qperitur
326 1769 357 1810 se
375 1749 433 1810 nih'
466 1749 618 1829 proficere,
647 1747 716 1827 qnia
735 1746 841 1826 stupidi
860 1756 942 1820 sunt,
968 1767 1022 1808 nec
1040 1747 1194 1806 admittunt
1214 1765 1313 1806 sanem

219 1832 354 1891 ctrinom=
371 1831 431 1888 imo
451 1836 484 1888 ut
503 1830 683 1888 concutietur
702 1833 779 1886 totos
799 1825 894 1898 orbis,
905 1828 997 1886 securi
1016 1834 1132 1886 manent
1150 1828 1179 1885 in
1198 1845 1250 1885 sua
1265 1845 1314 1884 so·

179 1911 285 1971 cordia.
310 1907 384 1988 llam
399 1902 466 1968 hinc
480 1910 605 1968 maxinm
619 1908 747 1986 coarguit
762 1912 791 1964 et
805 1913 888 1984 urget
905 1926 1007 1967 ¹eorum
1027 1907 1205 1979 dementiam,
1225 1905 1314 1985 qnod,

180 1993 204 2050 si
225 1989 339 2049 videant
357 1987 470 2048 coelum
489 1995 582 2048 terroe
601 1989 727 2058 misceri,
753 2003 812 2046 non
830 1991 927 2044 umen
947 1992 1131 2060 moveantur,
1156 1989 1212 2044 acsi
1230 1985 1313 2043 'nubs

180 2089 230 2128 eos
255 2073 382 2146 tangeret
406 2085 474 2126 cura
499 2064 609 2145 generis
634 2064 767 2136 humani,
794 2066 876 2123 cuius
902 2073 1001 2124 tamen
1030 2064 1187 2145 specialiter
1211 2065 1316 2124 delecti
1400 2075 1408 2086 ⁴

182 2154 255 2222 suut)
268 2146 410 2206 custodes.
449 2143 521 2204 Dixi
540 2151 635 2204 sutem
653 2143 741 2222 paulo
761 2149 841 2214 ante,
860 2143 930 2223 qaid
945 2145 1074 2204 maxime
1092 2163 1142 2204 eus
1163 2146 1255 2230 privpt
1272 2145 1317 2202 in-

182 2227 347 2305 telligentia,
367 2224 562 2302 quiaseilicet
581 2223 745 2282 caecutiunt
763 2223 793 2282 in
812 2241 866 2282 suo
885 2222 1010 2304 fulgore:
1030 2230 1060 2284 et
1075 2243 1164 2303 quum
1183 2220 1317 2284 ferociter

181 2307 329 2366 excutiant
348 2322 434 2362 omae
452 2303 561 2383 iugum,
580 2301 659 2364 nullo
677 2301 777 2381 religio
797 2300 833 2359 ad
852 2302 1020 2362 modestiam
1041 2322 1090 2362 eus
1110 2305 1206 2362 flectit.
1241 2300 1316 2362 Nam
1427 2335 1428 2346 κ

182 2385 240 2444 hoc
259 2401 344 2443 sonae
364 2383 465 2442 mentis
486 2389 515 2442 et
534 2381 832 2462 prudentiaeinitium
852 2390 909 2454 est,
933 2383 1057 2444 tribuere
1077 2371 1140 2442 Deo
1160 2401 1246 2443 sunm
1265 2381 1317 2440 bo·
1427 2373 1428 2450 J

183 2482 293 2536 norom,
314 2469 346 2521 ut
365 2481 419 2522 nos
430 2461 516 2522 Verbi
535 2463 580 2522 sni
595 2461 680 2520 sumo
700 2461 852 2520 conducat.
872 2460 1052 2522 Postremum
1074 2461 1130 2533 hoc
1147 2461 1317 2537 membrum,

183 2552 355 2602 musoritae
363 2543 570 2624 fundannum
593 2551 705 2612 toros,
731 2539 861 2620 plerique
886 2541 944 2600 lere
969 2561 1067 2602 omnes
1090 2543 1147 2601 alio
1172 2547 1317 2621 torquent,

184 2623 244 2684 sesi
267 2621 341 2680 inter
364 2621 462 2679 mundi
486 2619 661 2680 calamitates
685 2618 759 2678 hauc
782 2637 846 2679 esse
865 2621 1018 2682 maximam
1038 2621 1144 2682 diceret
1163 2619 1317 2700 Propheta,

187 2699 237 2761 nbi
257 2699 403 2778 Principes
423 2698 519 2758 officio
538 2717 597 2758 non
617 2698 790 2778 lunguntnrt
815 2701 882 2778 quia
901 2707 991 2760 statas
1012 2708 1112 2772 terrae,
1130 2700 1187 2760 hoo
1204 2709 1248 2760 ost
1267 2697 1317 2758 ho:

186 2781 295 2840 minam
315 2778 451 2849 conditio,
470 2778 538 2837 huic
556 2777 740 2840 fundamento
760 2779 1065 2875 {custudierunt
1085 2781 1185 2860 vigeat.
1210 2779 1319 2838 Sensus

186 2879 263 2999 ttt
276 2857 1319 3020 htttlttttclitltttttttttttlpt'ttffltts'tttt

79 3087 81 3094 Α
186 3023 258 3090 troc,
283 3023 317 3074 ut
336 3016 392 3074 iam
410 3015 503 3096 attigi,
522 3015 653 3076 'damnari
672 3016 866 3097 prodigiosum
886 3025 1032 3098 stuporem
1052 3021 1080 3079 in
1099 3005 1250 3091 lodicibus,
1269 3018 1321 3098 qui
1427 3093 1428 3100 ἵ

187 3096 272 3156 rebus
293 3093 467 3156 horrendum
486 3095 516 3154 in
535 3095 654 3156 modom
674 3095 800 3156 mulmis
818 3105 849 3158 et
867 3099 930 3178 ipsa
950 3093 1041 3159 terlne
1060 3098 1246 3160 concussione
1260 3117 1322 3156 non

187 3181 350 3236 moventur.
798 3196 802 3207 ·
974 3178 977 3190 ’

268 3256 296 3316 6.
316 3255 348 3313 Ε
368 3275 387 3312 o
407 3255 480 3314 dist.
501 3253 655 3316 Concessio
674 3262 727 3327 est,
746 3275 804 3336 qna
822 3264 920 3318 tamen
939 3257 1061 3317 ostendit
1080 3255 1232 3338 Propheta,
1251 3255 1323 3315 nibil
1427 3267 1428 3294 ³

190 3333 329 3413 persenis
344 3276 491 3394 lodicibus
515 3335 647 3415 praesidii
671 3337 732 3396 lore
757 3337 788 3395 in‘
811 3355 891 3397 sacra
915 3355 1036 3418 persona
1059 3355 1148 3414 quam*
1165 3337 1220 3396 illis
1241 3333 1324 3394 Deus

180 3414 335 3492 imposuit.
375 3409 550 3492 Quanquam
568 3407 664 3473 autem
683 3433 741 3474 non
761 3416 871 3476 inclusit
893 3435 943 3476 eos
968 3416 1131 3496 loquentes,
1154 3416 1324 3476 tantumdem
1427 3471 1428 3484 ,

191 3493 268 3550 valet
287 3491 358 3550 haec
376 3495 507 3571 exceptio
527 3495 584 3552 ami
603 3493 730 3567 dixisset,
749 3493 782 3554 st
801 3497 896 3576 clypei
916 3497 981 3556 loco
1000 3495 1119 3555 obiicitis
1139 3503 1262 3554 restrum
1284 3495 1326 3552 di·
1427 3491 1428 3502 ’

191 3572 338 3652 quitatem,
357 3569 519 3630 nibilvobis
538 3571 664 3652 proderit
683 3573 754 3634 haec
774 3574 916 3654 gloriatio:
936 3578 994 3635 imo
1013 3595 1066 3635 vos
1086 3575 1216 3634 deluditis
1236 3575 1327 3640 stulta
1427 3585 1428 3652 ἶ

191 3649 378 3724 confidentia,-
402 3652 469 3730 quis
489 3649 570 3711 Deus
589 3671 642 3710 vos
661 3653 715 3711 sibi
734 3655 854 3720 vicarius
874 3656 1062 3727 constituens,
1085 3673 1117 3716 se
1136 3655 1253 3736 proprio
1273 3655 1326 3712 im·
1427 3685 1428 3698 κ

192 3731 273 3811 perio
293 3747 352 3788 non
372 3729 514 3808 spoliauit.
547 3727 656 3789 Deinde
677 3732 768 3794 voluit
787 3733 943 3812 fragilitatis
964 3741 1074 3793 vestrae
1093 3751 1327 3806 esseunemores,

196 3815 228 3868 ut
238 3805 358 3870 sollicite
378 3816 408 3867 et
427 3827 492 3868 cnm
509 3810 612 3870 timore
627 3811 822 3871 munusrobis
834 3813 991 3872 iniunctum
1005 3813 1206 3893 exsequamini.
1227 3811 1329 3870 Potest
1427 3819 1428 3872 ζ

195 3888 252 3946 boc
269 3887 363 3946 'etism
389 3889 479 3967 accipi
502 3889 533 3946 in
551 3889 608 3948 Dei
632 3909 753 3969 persons
778 3893 855 3971 qnod
880 3911 938 3952 unu
957 3911 1023 3951 cum
1043 3895 1202 4030 prinoipstu
1221 3911 1328 3953 nomen

196 3967 252 4027 illis
276 3985 362 4024 snum
386 3964 527 4031 detulerit.
566 3967 611 4028 Ao
630 3969 744 4042 videtur
768 3969 823 4029 hoc
848 3990 1005 4052 congruere
1024 3991 1090 4031 oum
1111 3971 1136 4030 C
1157 3972 1217 4030 sisti
1237 3971 1329 4029 dieto:
1427 3987 1428 3992 ¹

29 4096 31 4104 ,
155 4109 161 4130 Ι
197 4047 296 4106 vocari
314 4043 395 4105 Dens
415 4045 451 4104 ad
471 4065 544 4124 quos
564 4045 621 4107 Dei
639 4068 733 4110 sermo
752 4049 844 4109 lactus
863 4058 916 4110 est.
949 4051 1109 4110 Commodo
1129 4059 1222 4110 tamen
1242 4051 1331 4109 etiarn

198 4126 272 4185 verti
292 4129 396 4204 potest,
414 4123 580 4186 Fateorvos
599 4125 759 4200 esseDeos,
779 4129 1023 4190 etfiliosExcelsi.
1044 4130 1075 4188 ln
1096 4151 1127 4191 re
1147 4131 1207 4214 ipsa
1227 4121 1331 4210 partim
1427 4129 1428 4144 ¹

199 4210 246 4262 est
262 4203 438 4276 discriminis,
458 4205 524 4284 quia
544 4205 582 4264 bc
618 4213 729 4267 tuntum
739 4209 801 4268 vult
816 4207 872 4268 Pro
893 4209 968 4283 beta,
987 4229 1045 4268 non
1064 4212 1194 4269 excusari
1213 4208 1333 4268 honoris

199 4281 478 4360 praetentuludiees,
500 4291 564 4344 ote
609 4305 690 4346 erum
711 4305 833 4366 poenam
891 4291 999 4365 ugiente
1021 4291 1088 4367 quia
1108 4289 1161 4348 bsc
1175 4288 1238 4371 lege
1251 4303 1333 4368 prse-

198 4361 267 4420 lecti
292 4370 359 4420 snut
384 4363 491 4422 muodo
516 4371 549 4422 ut
573 4366 643 4424 olim
666 4369 718 4446 ipsi
742 4386 859 4447 quoqne
879 4369 993 4428 ret-tonis
1013 4369 1171 4428 reddendae
1190 4385 1276 4427 ceusu
1296 4365 1335 4423 ad

197 4439 323 4500 tribunal
342 4441 465 4502 coeleste
480 4449 675 4524 conrpsreanlr
695 4444 818 4527 ideoque
832 4449 943 4508 nonnisi
957 4449 1105 4528 temporali
1121 4443 1336 4526 dignitate-esse
