2874 4888
187 241 243 300 124
626 241 911 284 r.oar.vrraus
1012 255 1014 260 ·

189 377 313 430 tenuta.
358 366 478 426 Summa
502 351 576 428 enim
602 373 660 441 est,
684 369 751 428 satis
775 376 803 428 et
827 387 914 450 super
937 367 967 426 in
988 366 1052 427 Deo
1076 370 1201 450 reperire
1219 371 1320 432 fideles
1404 413 1409 428 .

190 469 248 530 quo
263 449 404 509 exsultent
424 456 452 506 et
473 445 637 526 glorientur.
676 446 734 506 Per
752 466 850 508 vocem
871 450 1000 529 quotidie
1019 456 1119 510 notare
1134 451 1250 510 'ridetur
1268 451 1317 512 fir-

187 549 265 590 mam
284 536 313 588 et
331 527 450 589 solidam
470 527 722 586 continuationem:
747 533 834 606 etque
853 529 892 586 ita
911 527 1025 608 oblique
1044 531 1232 609 perstringere
1247 533 1320 592 stul-

186 615 247 668 tam
267 603 366 676 eorum
385 607 575 686 arrogantiam
595 609 645 686 qui
664 613 751 666 vento
770 614 881 666 tantum
901 608 1000 680 inflati,
1020 607 1207 689 superbiendo
1218 612 1247 671 in
1257 613 1319 672 suls

106 707 116 720 ·
186 689 302 760 viribus,
322 703 428 747 cornua
446 688 475 744 ia
495 682 615 746 sublime
635 686 747 746 tollunt.
787 684 861 745 Nam
880 693 913 746 ut
930 687 1007 746 mole
1024 695 1092 748 sunt
1110 688 1234 765 fundati,
1252 697 1319 752 tan-

187 769 252 828 dem
271 767 418 827 concidere
438 783 550 824 necesse
568 773 620 824 est.
660 763 742 824 Unde
762 767 898 844 sequitur,
918 766 1026 826 nnllam
1045 787 1109 826 esse
1123 779 1220 828 reram
1237 789 1316 850 mag·
1361 769 1365 784 '

186 850 394 918 nanimitatem,
418 863 471 903 nec
491 845 578 904 ullam
598 846 732 905 virtutem
753 851 841 922 stare,
864 846 918 904 nisi
938 864 1012 927 quae
1031 849 1115 906 nnius
1135 845 1191 908 Dei
1210 853 1318 928 gratiae

185 929 328 987 innititur:
352 926 435 984 sicuti
456 927 543 983 etiarn
567 925 716 1005 magnilica
741 923 954 984 Pauluszom.
976 929 1009 999 8,
1034 929 1082 988 31.
1108 945 1139 986 se
1158 929 1257 1001 iactat,
1281 929 1320 990 Si

185 1006 266 1068 Deus
293 1026 343 1087 pro
368 1003 466 1077 nobis,
491 1004 555 1084 quis
579 1003 753 1084 praevalebit
778 1011 877 1066 eontra
901 1005 974 1064 nos?
1012 1003 1052 1065 Et
1075 1006 1156 1066 malis
1182 1007 1316 1070 omuibus

183 1093 244 1148 tam
268 1084 462 1166 praesentibus
482 1103 568 1162 quam
587 1083 691 1143 lutaris
712 1082 835 1143 insultat.

265 1169 313 1230 18.
335 1171 415 1239 Qar’e
432 1165 544 1246 glorta.
584 1161 743 1223 Confirmat
768 1163 887 1223 eandem
906 1164 1090 1238 sententiam,
1110 1165 1188 1246 qnod
1206 1167 1316 1230 seilicet

102 1295 105 1302 .
182 1263 330 1323 nunqnam
351 1245 429 1304 Deus
453 1242 550 1302 fideles
576 1263 651 1308 snos,
664 1245 770 1302 virtute
790 1243 931 1302 destituat
973 1246 1108 1306 Gloriam
1126 1248 1202 1306 eninr
1220 1255 1314 1310 utrtra

183 1333 222 1386 tls
241 1349 342 1385 eorum
361 1341 475 1392 vocans,
495 1322 635 1402 significat
654 1341 704 1382 eos
722 1323 762 1384 ita
782 1341 894 1402 semper
913 1321 1006 1382 lnleiri
1027 1326 1166 1404 praesenti
1185 1318 1241 1386 Dei
1262 1347 1313 1388 an·

182 1407 266 1476 rillio,
291 1411 323 1464 nt
348 1405 450 1464 merito
469 1403 499 1462 in
518 1402 770 1483 ipsoglorientur:
795 1403 850 1477 vet,
871 1403 949 1482 qnod
969 1403 1043 1462 idem
1063 1405 1152 1472 valet,
1176 1407 1313 1468 virtutem

181 1483 239 1544 Dei
258 1486 286 1544 in
307 1483 362 1543 illis
381 1481 510 1542 iuvandis
529 1501 564 1541 ac
582 1482 752 1541 sustinendis
772 1501 884 1563 semper
902 1487 1015 1545 exstare
1030 1477 1199 1565 gloriosam*
1212 1483 1312 1563 Quan-v

180 1560 1027 1718 ttttllttestimat..⁰ll⁰l;..¹¹·¹..t²¹⁰l.llt
1049 1563 1121 1702 tlt
1131 1566 1312 1706 ttlltl‘

179 1723 264 1802 longo
290 1723 426 1802 magisin
446 1683 620 1800 spirithalcm
640 1721 750 1781 animae
769 1723 857 1778 vitam
877 1661 1021 1801 dhmpetit.
1051 1721 1110 1780 lam
1131 1743 1189 1803 quo
1210 1687 1314 1785 melius,

180 1802 363 1866 commendet
382 1800 456 1860 huno
475 1798 532 1860 Dei
551 1799 778 1870 beneficentiam,
803 1800 887 1858 simul
908 1799 991 1860 docet
1010 1819 1026 1862 a
1047 1821 1126 1862 mero
1146 1805 1206 1861 eius
1227 1803 1310 1866 hone·

179 1883 283 1963 placito
309 1881 440 1962 pendere.
480 1877 561 1940 Unde
587 1885 728 1958 sequitur,
754 1878 782 1939 in
803 1880 925 1938 solidum
946 1878 1090 1940 devinctos
1110 1887 1140 1940 et
1160 1881 1313 1944 adstrictos

179 1981 241 2022 erse
261 1960 415 2040 Deo‚,qui
439 1959 500 2019 sola
523 1959 690 2020 liberalitate
715 1966 746 2021 et
770 1961 894 2039 gratuita
918 1959 954 2018 nd
974 1961 1205 2042 prosequendum
1224 1983 1310 2026 suum

176 2041 315 2104 auxilinm
337 2039 488 2100 inducitur.

163 2151 166 2158 ¹
256 2123 303 2186 19.
327 2127 406 2196 Quia
426 2119 559 2180 Iebovoe.
598 2118 675 2198 Quia
694 2119 723 2180 in
744 2118 821 2200 Rege
841 2137 985 2180 summum
1004 2125 1065 2180 erat
1084 2121 1183 2202 populi
1202 2123 1311 2202 praesi-

179 2201 266 2270 dium,
291 2200 448 2280 specialiter
473 2199 605 2258 admonet
631 2199 787 2281 Propheta,
807 2197 864 2257 hoe
884 2218 999 2280 quoque
1020 2197 1074 2259 bei
1100 2201 1216 2260 domum
1236 2222 1310 2280 esse,

176 2279 254 2362 quod
281 2277 395 2360 allego
418 2281 481 2358 ipso
506 2281 663 2360 protegitur
687 2280 764 2339 salus
783 2279 917 2338 fidelium.
959 2276 1131 2360 Quanquam
1151 2281 1309 2344 notandum

175 2369 228 2436 est,
249 2343 421 2441 Prbphetam
440 2378 499 2418 non
518 2361 557 2420 ita
577 2361 663 2418 luisse
682 2359 809 2419 defixum
827 2361 857 2418 in
877 2361 1025 2439 temporali
1045 2369 1073 2420 et
1088 2361 1194 2420 caduco
1209 2381 1308 2440 regno,

175 2443 246 2522 quin
271 2440 356 2500 linem
382 2439 466 2498 simul
492 2439 678 2518 expenderet,
702 2441 785 2498 sicuti
805 2459 874 2496 mox
895 2436 1060 2498 videbimus.
1100 2439 1211 2498 Sciebat
1230 2443 1309 2501 enim

174 2521 286 2581 nonnisi
298 2521 404 2579 Christi
424 2527 553 2598 respectu
573 2520 701 2580 savorem
711 2517 767 2576 Dei
787 2520 911 2597 acupile
932 2519 959 2576 in
980 2525 1072 2578 totum
1084 2515 1225 2578 Ecclesiae
1245 2539 1307 2580 cor·

174 2619 229 2682 pus
250 2601 381 2660 delinere.
411 2598 567 2678 deprimo
587 2600 701 2678 quidem
721 2597 912 2678 metaphorice
923 2595 1030 2678 Regem
1050 2600 1306 2679 vocansclypeum,

174 2681 256 2739 sicuti
282 2680 356 2738 banc
380 2677 500 2758 liguram
526 2677 673 2758 Scriptura
698 2695 782 2758 saepe
808 2697 877 2736 usur
898 2685 941 2748 at,
967 2677 1027 2754 eius
1052 2685 1147 2737 tamen
1170 2687 1307 2740 manuel
1369 2693 1374 2712 '

173 2779 266 2840 opera
286 2758 397 2817 nonnisi
422 2757 555 2816 divinitus
581 2759 686 2817 latetur
710 2756 850 2838 populum
871 2699 992 2816 delendi.
1021 2754 1065 2816 Ac
1083 2757 1160 2818 idem
1180 2759 1305 2818 meando

80 2881 82 2888 ,
173 2838 301 2900 membro
321 2838 432 2916 repetit,
450 2838 635 2915 pronuntians
654 2835 761 2916 Regem
782 2836 874 2896 aDeo
894 2855 957 2896 esse
976 2835 1073 2895 datum
1093 2839 1142 2916 qni
1164 2857 1201 2917 po
1224 2839 1305 2900 ulum

174 2919 324 2998 gubernet:
356 2917 477 2996 ideoque
501 2915 693 2978 defensionem
717 2935 792 2997 quae
816 2935 833 2976 a
857 2933 924 2996 rege
948 2917 1095 2995 provenit,
1120 2913 1175 2976 Dei
1200 2859 1304 2978 henefi-

150 2999 248 3057 .cium
269 3015 338 3056 esse.
360 2995 418 3053 lam
439 2997 661 3070 meminerimus,
682 2997 760 3076 quod
780 2997 815 3056 de
835 2995 976 3055 umbratili
995 3015 1084 3076 regno
1104 2996 1216 3072 dicitur,
1237 3016 1303 3077 pro·

194 3078 233 3135 rie
258 3077 396 3155 quadrare
415 3074 445 3134 in
467 3075 573 3134 Christi
593 3095 756 3156 personam,
780 3075 831 3157 qul
849 3073 932 3136 nobis
952 3076 1035 3136 dolus
1054 3082 1099 3137 est
1116 3093 1133 3136 a
1153 3073 1239 3137 Patre
1258 3095 1304 3139 sa·

171 3097 239 3216 fulls
259 3162 364 3232 custos,
386 3161 417 3215 ut
435 3156 495 3216 eius
515 3174 602 3216 manu
621 3163 813 3239 protegamur.

169 3409 176 3419 .
259 3361 313 3425 20.
336 3357 429 3424 Tune
455 3355 608 3448 loquutus
635 3380 670 3426 es
699 3355 731 3424 in
754 3357 875 3426 visione
895 3357 1068 3426 mansuetis
1089 3357 1161 3440 tuis,
1183 3369 1216 3426 et
1236 3359 1301 3445 dis·
1421 3367 1422 3372 ’

169 3465 234 3546 isti,
263 3464 359 3530 Posui
386 3463 574 3550 adiutorium
602 3487 698 3555 super
725 3464 853 3548 fortem,
882 3465 1016 3533 exaltavi
1042 3464 1177 3534 electum
1204 3489 1301 3558 epo-

168 3573 256 3664 pulo.
301 3573 354 3638 21.
377 3570 484 3637 lnvcni
507 3569 611 3639 David
633 3594 761 3639 servum
783 3594 900 3652 mcum,
923 3571 994 3638 oleo
1017 3571 1187 3638 sanctitatis
1208 3595 1320 3640 meae·

130 3718 136 3731 ·
168 3677 246 3745 unxi
269 3701 356 3744 eum:
400 3679 453 3744 22.
476 3677 551 3744 ldeo
574 3701 687 3744 manus
708 3701 780 3744 mea
802 3677 974 3745 stabilietur
1000 3701 1075 3745 cum
1102 3702 1158 3760 eo,
1185 3679 1298 3768 utique
1418 3673 1419 3676 ¹

167 3783 328 3852 brachium
355 3807 464 3851 meum
490 3783 649 3864 roborabit
671 3807 754 3851 eum.
799 3784 852 3850 23.
876 3781 951 3850 Non
972 3783 1031 3851 erit
1052 3795 1180 3851 exactor
1200 3784 1300 3850 inimi-

167 3891 282 3960 cusin
311 3913 401 3976 eum,
434 3913 493 3956 nco
520 3889 602 3956 filius
629 3889 799 3980 iniquitatis
822 3889 936 3982 affliget
957 3913 1042 3957 eum.
1086 3885 1139 3958 24.
1161 3887 1205 3957 Et
1226 3893 1299 3958 con

166 4007 266 4065 teram
293 3995 411 4066 alacie
437 3994 504 4065 cius
532 4017 715 4088 opressores
739 3995 822 4079 cius,
848 4005 881 4064 et
902 3997 957 4088 qui
980 3995 1114 4066 oderunt
1135 3993 1210 4065 eum
1232 4021 1299 4090 per·

97 4148 100 4159 ι
164 4106 289 4174 cutiam.

242 4269 290 4327 20.
314 4269 407 4327 Tunc·
421 4269 558 4348 teqontoa
577 4275 628 4327 ert.
649 4262 751 4324 Fusius
770 4266 826 4324 iam
847 4265 971 4346 explieat
990 4285 1042 4326 cnr
1061 4264 1165 4326 dixerit
1183 4265 1294 4348 Regem

108 4427 111 4434 ⁴
162 4343 245 4406 eteeu
265 4347 364 4426 populi
388 4345 505 4406 ecoelo
525 4346 623 4406 datum
642 4365 706 4407 esso
723 4345 759 4406 ad
780 4344 910 4428 publicae
925 4346 1027 4408 salutis
1037 4347 1295 4409 conservationem:
