2816 4880
193 251 248 348 526
341 309 346 320 ·
579 261 904 338 'renuens

195 433 253 494 mre
276 409 464 474 incommodis
487 408 623 490 castigare
647 427 747 471 eornm
773 412 898 489 peccata.
938 403 1125 482 Multiplleem
1144 403 1221 464 enim
1240 421 1334 464 nsum

196 492 324 552 continet
343 490 414 552 baec
433 491 571 562 doctriua,
591 496 625 560 nt
643 490 764 548 sciamus
784 488 896 566 quoties
914 483 1058 566 impendet
1075 485 1203 566 penuria,
1224 499 1333 562 qnam·

195 573 239 632 vis
258 577 332 630 terra
352 571 487 630 continno
506 575 587 628 aestu
612 573 712 628 exusta
735 573 858 638 arescat,
887 567 917 626 in
941 571 1078 646 promptu
1098 559 1161 624 Deo
1181 581 1246 626 esse
1264 563 1333 642 plu·

163 643 284 724 stolam,
303 669 376 728 qnae
395 648 662 718 simulacsnuncrit
681 645 943 724 Deus,·sicnitatem
971 642 1063 704 tollat
1102 641 1133 701 Sl
1165 661 1236 703 vero
1257 660 1331 702 con-

197 731 284 788 tinuis
303 727 439 788 imbribus
458 734 602 810 putrescat
621 728 650 786 iu
670 733 745 786 terra
765 745 871 796 semen,
890 725 937 784 vel
955 743 1015 784 non
1034 722 1199 803 perveniant
1213 721 1254 782 ad
1268 739 1333 780 ma·

195 811 339 868 turitatem
360 806 467 893 fruges:
492 813 562 866 tnnc
580 825 696 886 qnoque
716 803 835 886 peteuda
855 809 900 863 est
917 821 935 863 a
954 799 1019 864 Deo
1037 803 1182 864 serenitas.
1222 799 1286 860 Iam
1308 801 1336 859 si

196 893 305 948 mentes
325 891 438 948 nostras
462 885 618 966 percellant
641 881 954 964 tonitrua,=Propbeta
977 881 1110 944 admonet
1136 880 1337 942 invocandum

196 985 259 1026 esse
278 964 390 1038 Deum,
411 966 491 1027 cuins
511 971 555 1032 eat
573 964 673 1024 sedare
693 983 790 1024 omnes
810 970 920 1038 motos,
944 962 1025 1022 sicuti
1043 963 1074 1022 iu
1094 979 1148 1020 uos
1166 961 1258 1020 iratos
1277 977 1338 1018 sna

197 1064 283 1108 manu
304 1043 443 1106 fulminat.
473 1041 573 1124 Neque
593 1045 668 1103 anim
688 1049 747 1104 tarn
768 1041 867 1122 frigide
887 1039 970 1102 debet
989 1040 1079 1120 accipi
1098 1039 1170 1100 baec
1188 1039 1339 1110 dmm-ius,

119 1137 126 1158 t
196 1123 254 1186 sort
265 1124 400 1202 virtutem
419 1123 472 1184 sibi
491 1123 527 1183 ab
546 1123 627 1196 initio
647 1121 765 1182 inditam
785 1121 946 1202 proterrent
964 1127 1120 1193 creaturae,
1139 1117 1339 1178 Deusautem

134 1199 137 1204 ’
197 1223 229 1263 se
249 1201 402 1264 oblectaret
426 1203 456 1262 in
482 1204 556 1275 otio,
585 1203 669 1262 sicuti
694 1201 854 1274 balbutiunt
873 1198 985 1280 prolanl
1003 1197 1145 1259 hominess
1176 1197 1337 1278 sedprae

197 1280 899 1442 tbtttttttt‘dtttttttttf⁰ttitr
914 1278 1340 1432 “iiiiii‘to'lffbliilrffl

199 1447 299 1502 ventos
318 1459 380 1509 esse
399 1441 459 1502 eins
477 1441 603 1518 nuntios,
623 1447 652 1502 et
671 1439 814 1502 ministros
834 1437 959 1500 eiusdem
978 1455 1041 1500 ersa
1060 1438 1140 1518 ignea
1158 1443 1289 1502 mentes.

280 1634 342 1708 11.
375 1639 478 1732 Reges
504 1649 605 1708 terrae
631 1651 664 1708 et
691 1661 802 1714 ornnes
821 1637 949 1732 populi,
981 1635 1141 1728 Principes
1162 1645 1196 1704 et
1217 1657 1340 1702 omnes

199 1734 330 1814 ludices
343 1755 456 1815 terrae:
502 1746 553 1814 12.
586 1737 720 1814 Iuvenes
740 1731 842 1836 atque
858 1731 953 1814 etiam
974 1741 1119 1834 virgines,
1140 1764 1236 1812 senes
1256 1764 1340 1810 cum

194 1851 315 1942 pueris.
344 1851 397 1919 13,
419 1849 565 1922 Laudent
574 1874 693 1919 nomen
702 1849 855 1919 leb'ovae:
877 1851 950 1940 quia
966 1847 1127 1918 excelsum
1144 1858 1194 1918 eet
1210 1867 1340 1916 nomeu

197 1957 269 2024 eins
291 1957 405 2054 sulum,
426 1955 496 2024 lans
518 1958 586 2026 eins
607 1980 703 2049 snpra
724 1965 839 2024 terram
862 1965 895 2023 et
916 1953 1033 2026 coelos.
1078 1947 1131 2021 11.
1153 1952 1198 2021 Et
1218 1952 1340 2022 exalta

196 2054 368 2148 'vitffeornn
389 2063 500 2154 populi
522 2064 587 2133 suis
609 2061 678 2150 lans
695 2061 843 2130 omnibns
860 2061 1031 2152 mansuetis
1047 2060 1124 2145 eius,
1145 2057 1216 2127 filiis
1227 2057 1340 2142 lsrael,

199 2148 320 2258 populo
343 2169 398 2259 qur
419 2168 615 2260 propinqum
637 2179 687 2237 est
707 2169 746 2236 a.
776 2165 962 2236 sarronae.

281 2313 328 2374 11.
347 2315 449 2396 Re'ges
467 2321 573 2374 terroe.
616 2309 742 2374 'landem
761 2311 800 2372 ad
817 2301 947 2374 homines
966 2299 1241 2388 vertit'sermnnsrn,
1259 2331 1336 2392 qno·
1383 2375 1384 2394 ,

200 2409 266 2451 rum
290 2399 420 2470 respecto
444 2393 626 2472 praeconium
647 2392 766 2452 landum
787 2389 842 2452 Dei
866 2397 926 2452 tam
950 2393 1104 2452 sterrenis
1124 2409 1211 2471 qnam
1229 2409 1248 2450 a
1267 2411 1336 2452 one·

129 2523 149 2546 N
199 2465 317 2554 leptib‘ns
330 2473 477 2534 ‘creaturis
501 2471 599 2550 exigit
637 2467 675 2531 Et
701 2473 767 2551 qnia
786 2469 879 2554 Reges
903 2489 1088 2552 acproceres
1108 2475 1337 2530 nuceranae

202 2549 349 2628 dignitatis
368 2549 517 2630 splendor,
546 2557 580 2610 ut
603 2545 740 2610 mundum'
764 2570 816 2611 sua
836 2569 920 2612 cansa
940 2543 1087 2610 con'ditum
1107 2569 1168 2610 osse
1188 2555 1334 2630 putantes,

200 2625 297 2688 Deum
317 2628 438 2709 superbe
456 2636 649 2695 contemnant:
674 2629 853 2708 peculiariter
871 2649 921 2690 eos
940 2627 976 2688 ad
997 2628 1122 2688 officium
1143 2627 1276 2701 bortatur,
1296 2634 1333 2688 et

200 2707 238 2768 ab
256 2708 324 2788 ipsis
344 2707 492 2770 exordium
513 2707 625 2784 deciens,
645 2727 744 2769 eornm
764 2708 993 2788 ingratitudinem
1013 2710 1151 2787 coarguit,
1191 2707 1244 2768 uod
1258 2725 1335 2787 prae

190 2787 264 2846 allis
281 2785 347 2846 Deo
372 2787 519 2861 obstricti„
542 2807 607 2848 enm
632 2795 727 2848 tamen
752 2789 844 2848 debita
868 2787 952 2848 laude
976 2787 1115 2846 trandent
1185 2806 1229 2846 aru
1252 2793 1335 2845 certe

202 2885 291 2947 quum
312 2865 348 2926 ab
367 2867 428 2947 ipsa
448 2868 555 2947 origine
574 2867 698 2946 aequalis
719 2869 754 2926 sit
773 2861 882 2947 generis
896 2867 1012 2926 humani
1027 2865 1163 2942 conditio,
1183 2885 1241 2947 qno
1254 2869 1335 2945 quis·

202 2963 260 3024 que
279 2945 363 3006 altius
383 2948 502 3020 eminet,
531 2948 706 3026 propiusque
729 2945 765 3008 ad
785 2945 880 3005 Deum
905 2945 1027 3021 accedit,
1056 2948 1197 3006 sanctiore
1217 2945 1333 3005 vinculo

205 3023 396 3162 obstrlipaglitnr
410 3025 446 3084 ad
464 3025 681 3161 praedicandam
700 3026 761 3084 eina
780 3023 907 3105 gratiam.
947 3023 1016 3103 Quo
1042 3027 1136 3085 minna
1154 3023 1271 3086 lersada
1289 3031 1335 3084 est

201 3103 257 3164 ista
335 3103 342 3118 ’
382 3104 444 3178 itas,

163 3173 167 3184 ’
202 3181 254 3262 qni
273 3123 439 3248 duoesgneliis
459 3189 488 3243 ct
506 3181 637 3263 magistri
650 3201 712 3243 esse
732 3182 893 3244 debuerant.
934 3181 999 3254 Uno
1046 3184 1138 3244 uidem
1159 3183 1247 3246 verbo
1267 3183 1335 3243 bor·

201 3261 256 3322 tari
275 3267 389 3342 poterat
408 3269 526 3322 cunctos
545 3262 696 3336 mortales,
720 3263 803 3322 sicuti
823 3265 907 3323 etiam
927 3205 1093 3346 generabter
1113 3263 1334 3344 poptrloscom·

201 3339 306 3422 pellat:
322 3341 376 3408 ¹sed
395 3347 440 3402 lar
458 3345 615 3424 Principes
633 3348 772 3423 repetens,
791 3342 938 3424 significat,
959 3343 1013 3403 nisi
1032 3349 1196 3422 urgeantur,
1215 3343 1250 3402 ad
1271 3341 1336 3402 olli·

203 3423 279 3481 cium
300 3419 356 3482 boc
376 3422 472 3502 pigros
492 3428 522 3481 et
540 3421 636 3482 tardos
652 3441 721 3484 ease.
742 3420 879 3502 Sequitur
899 3421 1001 3482 deinde
1019 3440 1142 3482 sexuum
1160 3430 1190 3482 et
1208 3429 1335 3482 aetatum

223 3500 326 3576 artitio,
346 3506 381 3559 ut
399 3510 460 3562 sr'ne
479 3502 645 3582 exceptione
662 3493 821 3582 intelligant
840 3521 948 3576 omnes,
967 3516 998 3561 se
1012 3508 1122 3561 creatos
1137 3519 1199 3562 esse
1214 3503 1243 3561 in
1258 3499 1336 3560 bnuc

202 3519 304 3640 baem:
333 3579 455 3660 ideoque
479 3583 639 3660 promiscua
662 3579 764 3641 debere
783 3600 849 3640 anas
869 3601 969 3662 operas
989 3585 1019 3640 et
1038 3579 1132 3641 studia
1151 3582 1334 3661 coniungere.

204 3655 361 3736 Quantum·
373 3659 410 3719 ad
428 3682 509 3720 ames
527 3665 645 3740 spectat,
665 3680 723 3740 quo
743 3659 856 3740 longine
875 3660 1014 3741 produxit
1023 3659 1103 3721 Deus
1124 3679 1224 3720 eornm
1237 3663 1337 3731 rium,

202 3757 240 3875 po
260 3739 349 3818 magis
370 3741 628 3877 5¹⁸'3i⁰¹⁰⁸·t⁸.⁸⁸⁸
653 3741 786 3834 convenit
807 3742 839 3876 ¹in
865 3739 997 3878 carpendis
1022 3741 1083 3879 einp
1099 3739 1250 3879 llantdibusr
1279 3739 1337 3834 illis

132 3855 136 3865 ι
216 3835 298 3878 amen
319 3836 412 3877 sacros
431 3835 448 3878 a
468 3837 515 3877 run
575 3841 705 3884 runem,-
756 3839 785 3877 ιιι
820 3838 882 3878 arna
910 3839 1036 3880 rmrnus
1083 3839 1152 3879 aen
1189 3839 1225 3880 ex
1264 3838 1338 3876 nen·

76 3933 83 3954 ι
203 3897 260 3956 tiae
279 3915 317 3958 ex
336 3897 423 3980 longo
443 3837 717 3972 nsuFexcnsabiles
734 3838 835 3958 barren
855 3919 914 3961 non
934 3906 1015 3974 aunt,
1043 3900 1098 3958 nisi
1116 3901 1145 3959 in
1165 3837 1337 3976 snopveigore

204 3976 327 4036 sentiant
347 3979 406 4040 vim·
430 3977 538 4056 gratiae
564 3973 629 4036 Dei.
669 3975 724 4036 Ubi
748 3969 884 4058 loquitnr‘
900 3977 936 4038 de
962 3977 1062 4058 puellis
1087 3985 1138 4037 aut
1159 3979 1336 4058 uirginibus,

148 4096 154 4102 .
205 4055 342 4136 particula
361 4065 409 4131 m
428 4055 484 4116 boc
502 4062 545 4116 est
564 4057 658 4128 etiam,
678 4075 854 4136 supervacua
873 4065 999 4132 non-est,
1018 4058 1243 4138 amplificationis
1257 4057 1336 4118 enim

204 4151 290 4193 cansa
315 4136 461 4194 inseritur:
483 4136 541 4194 acsi
566 4133 680 4208 diceret,
704 4136 780 4216 ipsas
801 4156 917 4216 quoque
941 4135 1165 4200 adolescentulas
1184 4156 1258 4216 quae
1276 4157 1337 4196 non
1383 4171 1384 4212 ι

205 4218 264 4271 tarn
284 4211 434 4273 liberaliter
452 4213 591 4274 docentur
610 4221 641 4274 ut
660 4213 788 4286 masculi,
807 4217 873 4295 quia
893 4215 1024 4275 videntur
1043 4217 1078 4275 ad
1098 4215 1251 4276 domesticu
1271 4215 1337 4274 offi-

206 4292 250 4351 cia
274 4298 370 4370 natae,
400 4300 627 4376 semaretamen
653 4295 683 4355 in
708 4293 802 4356 officio
827 4295 881 4356 nisi
905 4295 1037 4357 laudandi
1057 4293 1113 4357 Ilei
1136 4302 1231 4378 partes
1250 4295 1336 4356 simul

485 3123 532 3162 nm
551 3123 583 3164 se
601 3123 619 3162 a
638 3106 782 3164 communi
803 3102 865 3184 lege
885 3105 1015 3164 eximunt
1034 3103 1125 3182 Reges
1144 3110 1174 3164 et
1192 3123 1337 3184 proceres,
