2874 4888
433 255 436 264 '
478 269 523 311 rs
552 267 870 310 rsssnxsxxxsx.
1192 266 1245 324 121

198 392 231 461 6.
257 389 302 459 Et
322 389 525 458 celebrabunt
546 389 626 457 coeli
646 387 832 456 miraculum
854 397 946 454 tuum
967 383 1122 474 lebovah,
1150 389 1247 458 eliam
1315 400 1321 430 ⁴

115 497 277 568 veritatem
306 506 393 560 tuam
421 495 454 560 in
482 503 577 562 coetu
598 495 801 562 Sanctorum:
845 493 876 561 7.
899 490 980 580 Quia
1008 493 1078 584 quis
1100 495 1133 560 in
1160 495 1246 562 nubi-

113 605 173 672 bus
195 601 381 692 aequabitur
401 599 552 684 lehovae,
578 599 688 668 similis
710 602 768 688 erit
788 597 924 670 lehevae
945 601 979 668 iu
1001 600 1070 668 liliis
1094 599 1247 670 deorumi

114 713 146 779 8.
173 709 265 778 urus
291 705 450 776 terribilis·
463 706 497 771 irs
523 716 617 772 coetu
638 704 828 776 Sanctorum
859 704 965 787 ualde,
998 717 1031 773 et
1057 707 1246 775 metuendus

115 837 209 908 super
231 801 344 881 omnes
366 811 421 902 qui
443 810 476 876 in
499 810 629 878 circuitu
651 812 719 896 eius
741 821 824 880 sunt
851 807 900 878 Ι9.
921 810 1139 880 lebovaDeus
1162 837 1249 880 exer·

116 923 236 992 situum
263 916 335 1010 quis
362 917 505 987 sicutte
531 910 754 988 lortisDeua?
786 927 819 986 et
845 917 959 987 veritas
985 927 1039 985 tua
1066 942 1123 1010 per
1144 919 1248 988 circui·
1326 916 1332 934 '

9 1065 11 1086 ι
116 1035 293 1096 marnoa·

194 1189 226 1252 6.
252 1187 295 1249 Et
323 1161 503 1248 celebrationi
531 1189 612 1248 cosli.
656 1185 800 1268 Propheta
823 1185 961 1268 loquutus
982 1147 1023 1247 ile
1045 1183 1160 1247 loedere
1185 1167 1250 1262 Dei,

117 1269 204 1330 siculi
230 1263 303 1326 fides
327 1265 477 1325 exordium
502 1265 586 1327 debet
605 1266 697 1327 lacere
717 1287 733 1325 a
753 1266 856 1343 verbo,
880 1285 958 1326 nuno
976 1267 1012 1326 ad
1032 1266 1162 1346 generale
1182 1286 1249 1347 ope·

117 1369 181 1409 sum
206 1346 269 1405 eius
289 1346 450 1404 encomium
471 1344 623 1406 dmceodit.
663 1345 837 1427 Quanquam
855 1345 1012 1406 notandum
1031 1353 1089 1420 est,
1114 1366 1173 1406 nou
1192 1347 1250 1406 alio

117 1429 175 1488 line
200 1425 337 1486 disserere
356 1423 529 1504 Prophetem
548 1425 584 1486 de
602 1425 758 1488 admirabili
769 1425 822 1486 Dei
842 1428 980 1507 poteratis,
998 1427 1052 1486 nisi
1093 1445 1130 1484 uo
1150 1427 1252 1486 melius

121 1509 281 1567 illustretur
309 1505 442 1564 sanctitas
471 1503 605 1580 foederis,
634 1506 775 1566 exclamat
799 1507 875 1566 enim
898 1504 975 1565 bunc
999 1524 1062 1566 esse
1111 1524 1176 1565 cum
1201 1505 1252 1584 qui
1321 1491 1326 1508 ’

117 1589 180 1646 iore
206 1580 341 1644 colendus
366 1582 462 1642 sitae
488 1583 667 1660 metuendus,
686 1588 734 1645 cni
752 1587 788 1646 sit
807 1585 935 1647 habenda
954 1584 1039 1644 lisles:
1058 1585 1138 1646 cuius
1153 1584 1253 1644 virtuti

119 1681 218 1726 aecure
236 1663 319 1722 inniti
337 1661 428 1721 liceat.
449 1660 548 1742 ltaque
567 1667 743 1726 miraculum
755 1667 839 1749 »qued
858 1667 951 1747 primo
971 1665 1035 1723 loco
1054 1665 1145 1745 ponit,
1163 1663 1252 1724 liban·

119 1751 165 1804 ter
187 1743 225 1802 asi
271 1742 408 1800 atentiam
432 1747 572 1822 restringo
592 1763 678 1824 quam
702 1749 809 1805 exserit
827 1747 857 1806 in
876 1745 1092 1804 conservatione
1111 1761 1179 1802 snae
1198 1742 1252 1802 Ee·

9 1801 12 1826 ³
120 1825 231 1886 clesiae
251 1761 359 1880 b'ernm
379 1821 493 1900 quidem
512 1830 557 1883 est
579 1825 676 1885 coelos
700 1824 874 1886 ednurobilis
890 1822 947 1885 Dei
965 1821 1145 1904 potentiaeo
1168 1823 1253 1886 timos

120 1919 183 1965 esse
212 1908 299 1994 testes
322 1917 358 1958 ac
382 1919 549 1997 pracecnep:
574 1904 685 2000 sodex
710 1911 846 2000 contextu
870 1905 970 1964 melius
995 1903 1102 1983 patebit
1126 1845 1166 1998 ari
1187 1921 1253 1998 eum

9 2103 12 2118 .
122 1979 294 2120 bimuli}
311 1980 1254 2144 {ittiiltutus:,zilsstrtrlgitt‘ttotttitt

122 2083 266 2202 buleus
284 2140 442 2198 communis
462 2147 506 2200 est
523 2143 629 2202 laetitia
649 2150 678 2202 et
697 2144 862 2222 gratulatio:
882 2143 968 2223 idque
988 2140 1139 2200 coufirmat
1157 2147 1275 2220 poste-¹

123 2223 182 2280 rius
205 2217 381 2292 membrum,
408 2217 457 2277 obi
480 2220 548 2280 dicit
571 2232 721 2284 certiorem
744 2227 804 2283 Dea·
827 2231 861 2282 iss
884 2229 968 2282 coetu
992 2226 1170 2280 Sanctorum
1195 2241 1256 2280 ease
1388 2283 1394 2298 ,
1422 2202 1424 2210 ¹

125 2297 362 2380 praedicendum.
406 2295 507 2378 Neque
533 2302 610 2360 euim
635 2301 752 2362 dubium
776 2309 820 2362 est
844 2303 914 2381 quin
938 2300 1057 2358 eaodem
1088 2294 1256 2360 seutentiam

127 2382 175 2438 irie
197 2379 356 2438 continuata
374 2381 405 2435 et
428 2375 562 2440 Veritatis
585 2383 714 2457 nomine,
736 2382 868 2461 insigniat
890 2377 1049 2460 praeclaras
1074 2376 1255 2438 liberationes

127 2457 229 2540 quibus
248 2455 329 2516 Deus
347 2453 434 2516 iidem
452 2460 542 2518 servis
562 2463 619 2520 suis
639 2459 732 2520 datam
752 2461 938 2542 praestiterat.

202 2541 233 2601 7.
264 2542 345 2610 Quin
363 2543 430 2617 puts
447 2545 480 2598 iss
498 2541 629 2600 nubilam.
670 2535 753 2600 Nune
772 2539 861 2620 magis¹
880 2533 1256 2617 illustratrPropbetaquosl

124 2615 200 2678 elisit
220 2616 256 2674 de
276 2613 452 2676 mirabilibus
471 2615 540 2677 Dei:
560 2638 594 2680 ac
612 2617 772 2701 emphatice
791 2619 945 2692 exclamat,
972 2609 1046 2695 Quia
1067 2615 1256 2696 petoritum

125 2699 156 2758 iu
180 2695 303 2755 nubibus
327 2694 470 2756 conlerm'l
508 2691 605 2758 Nubae
628 2705 725 2760 antem
744 2699 791 2760 vel
808 2699 921 2759 eoelum
941 2697 1086 2777 exprimite
1116 2696 1182 2776 quie
1202 2697 1257 2756 mi·
1328 2761 1331 2766 ,
1363 2715 1364 2720 ’

10 2791 11 2796 ’
124 2795 192 2836 rum
216 2793 278 2834 uon
299 2780 357 2848 est,
380 2775 411 2834 in
434 2782 510 2836 terra
530 2779 603 2838 nihil
626 2779 746 2840 inveniri
765 2779 843 2860 qnod
863 2778 899 2838 asl
917 2775 974 2836 Dei
993 2776 1113 2856 gloriam
1133 2775 1256 2836 accedat.

123 2855 204 2918 itam
222 2856 275 2914 elsi
298 2853 412 2918 excellit
435 2855 523 2917 bomo
543 2877 611 2940 prae
626 2857 687 2919 aliis
696 2857 899 2932 animantibus,
917 2857 1049 2938 pidemus
1065 2863 1257 2934 tameuquam
1328 2925 1336 2944 x

124 2938 232 2998 misera
250 2934 286 2992 sit
297 2933 548 3016 abimuqucoim
567 2939 706 3015 conditio,
730 2941 790 2998 imo
815 2955 902 3018 quam
926 2936 1010 3017 plena
1035 2935 1206 3016 ignominiae
1226 2940 1257 2994 ei

126 3015 236 3097 probri.
255 3010 338 3072 Unde
362 3017 500 3094 sequitur,
519 3016 572 3077 sub
592 3018 673 3078 coelo
693 3019 798 3079 nullam
819 3017 1015 3076 excellentiam
1031 3013 1097 3074 Deo
1116 3013 1258 3074 aemulam
1325 3019 1329 3032 ’

126 3113 205 3156 esse:
229 3093 281 3154 seri
304 3095 373 3151 dum
391 3095 422 3152 in
440 3093 536 3156 ceelm
555 3098 783 3173 conscendimus,
806 3097 999 3157 admiratione·
1009 3092 1099 3176 rapti,
1124 3093 1258 3173 fingimus
1321 3130 1328 3144 ·

128 3175 251 3234 morum
274 3172 386 3231 urbam
412 3191 486 3252 quae
510 3194 606 3238 veram
626 3177 768 3238 Deitetern
794 3177 896 3236 abolet.
920 3176 981 3240 ,Ac
1004 3175 1145 3254 posterius
1170 3193 1259 3234 mem·

127 3255 215 3314 bruna
233 3254 413 3330 exegeticum
436 3259 501 3327 est,
520 3254 569 3315 ubi
588 3265 672 3337 negat
680 3257 823 3337 Propheta
837 3257 911 3314 inter
925 3253 999 3314 filios
1009 3255 1139 3328 deorum,
1160 3251 1258 3333 qoem·

128 3351 219 3414 qnam
242 3350 305 3391 esse
329 3351 400 3392 vero
423 3339 452 3392 et
475 3336 560 3395 unico
581 3334 646 3396 Deo
671 3338 801 3397 similem.
840 3333 915 3394 Nam
935 3334 1012 3413 quod
1032 3353 1084 3414 per
1103 3333 1193 3406 nubes
1211 3332 1260 3393 vel

130 3413 228 3474 coeles
247 3410 364 3491 quidam
383 3413 551 3493 intelligunt,
570 3413 678 3491 Solem,
697 3415 816 3487 Lunam,
835 3413 979 3486 cistellas,
998 3414 1261 3493 ipsooouteeture·

128 3495 247 3556 auius.
286 3489 407 3552 Summa
425 3511 493 3574 ergo
513 3502 569 3566 est,
593 3499 677 3556 mam
698 3499 727 3556 in
747 3497 832 3555 coelis
851 3496 921 3575 ipsis
940 3495 1057 3554 unicum
1076 3491 1173 3554 Deum
1192 3492 1260 3552 emi-

128 3591 200 3634 uere
228 3570 337 3650 absque
366 3574 452 3631 socio
491 3571 528 3631 Et
552 3573 677 3656 Angelos
702 3577 817 3656 quidem
836 3578 922 3634 vocat
941 3573 1014 3652 lilios
1034 3573 1167 3632 deorum:
1192 3572 1261 3651 quia

128 3673 185 3714 nec
202 3653 341 3732 originem
360 3671 398 3710 ex
418 3659 492 3712 terra
510 3659 669 3730 traxerunt,
688 3675 781 3734 neque
801 3674 885 3714 corre
907 3651 978 3713 libili
998 3672 1117 3733 corpore
1137 3658 1261 3711 snutre-

129 3737 203 3794 susi:
227 3731 278 3790 sed
302 3731 437 3792 coelestes
461 3739 527 3792 sunt
551 3737 666 3814 spiritus
692 3735 785 3794 divina
810 3674 929 3812 praebiti
952 3733 1050 3813 gloria.
1091 3729 1156 3792 Non
1182 3729 1261 3810 qood

58 3855 61 3858 -
130 3831 199 3894 pars
218 3813 277 3870 sint
293 3813 431 3870 annuae
442 3809 507 3884 Dei,
526 3814 609 3874 sicuti
627 3815 770 3874 somniant
788 3813 903 3873 lunatici
921 3812 1065 3872 hominess
1085 3811 1136 3871 sed
1156 3811 1262 3891 quiein

248 3893 382 3950 atentiam
400 3908 482 3950 suam
501 3891 583 3952 Deus
602 3897 722 3967 asserit,
742 3892 799 3952 boe
822 3891 915 3973 elogio
935 3911 1034 3952 earum
1054 3899 1156 3952 natura
1174 3909 1191 3948 a
1210 3909 1261 3949 no·

129 3911 202 4034 ¹epti:¹⁸
216 3911 406 4050 ‹brungmsun
446 3969 565 4030 Summa
585 3980 633 4058 ¹est
651 3975 751 4054 igitur,
775 3971 915 4051 Quamvis
939 3973 971 4032 in
989 3973 1106 4051 Angelis
1125 3970 1263 4048 relulgeat

131 4054 226 4113 maior
244 4051 363 4130 dignitas
382 4069 470 4129 quem
487 4053 518 4111 in
535 4053 596 4111 aliis
615 4055 760 4127 creaturis,
779 4071 853 4132 quae
871 4053 957 4112 etiem
975 4054 1005 4110 in
1020 4054 1064 4110 sui
1079 4051 1263 4110 admiratione

9 4155 10 4160 ¹
132 4151 188 4193 nos
207 4132 295 4211 rapit:
314 4148 373 4190 uon
392 4139 487 4190 tamen
505 4133 734 4214 appropinquare
745 4133 818 4205 Deo,
839 4135 872 4192 ut
890 4151 942 4192 sua
962 4129 1114 4192 eminentia
1133 4149 1199 4190 eum
1213 4129 1263 4189 ob·

133 4219 258 4284 merent,
277 4212 324 4270 rel
341 4209 493 4292 imperium
511 4211 656 4274 obtineant
675 4233 741 4274 cum
760 4233 795 4274 eo
815 4231 974 4274 commune.
1005 4209 1093 4288 Quod
1118 4208 1266 4290 diligenter

132 4291 295 4352 uotaudum
317 4295 374 4350 ests
399 4291 466 4372 qnia
489 4297 635 4372 umorque
653 4291 736 4353 Deus
759 4293 864 4373 passim
882 4292 1008 4370 Angelos
1028 4291 1193 4370 prouuub'et
1211 4290 1266 4350 sibi

135 4371 368 4434 esse'miuislsus
390 4379 420 4434 et
444 4377 559 4454 passim
577 4371 615 4433 ad
635 4372 815 4454 obsequium:
839 4371 964 4434 muudus
982 4377 1077 4432 umen
1097 4371 1181 4458 uuieo
1200 4369 1266 4436 uec
1361 4394 1363 4406 ·
