2884 4886
83 323 98 332 ,
176 275 231 334 315
430 319 434 335 ,
598 276 882 343 noeumane

131 469 133 472 ,
259 400 307 464 14.
333 403 412 461 Volo
430 421 497 489 spec
514 399 647 459 reddum
676 396 775 476 Quum
794 397 825 456 in
844 397 943 458 mediis
963 375 1096 478 pericuiis
1115 388 1184 460 votrl'
1202 419 1322 461 nuncn-
1422 389 1423 404 ¹

179 483 305 564 paverit,
328 481 359 540 in
382 499 419 541 eo
442 478 565 558 refulget
583 479 695 558 pietatis
715 479 883 537 constantia.
922 478 982 538 lam
1002 479 1126 539 calendit
1144 499 1177 540 ac
1196 481 1321 542 minime

179 581 243 622 eree
262 559 393 633 oblitum,
413 559 495 618 sicuti
515 557 653 638 plerique,
672 557 741 616 dnm
761 563 899 636 urgentur
917 577 1003 617 mann
1024 556 1094 629 Dei,
1113 561 1175 619 eiua
1195 560 1319 640 quidem

179 641 266 702 lidem
285 639 438 719 implerunt
457 637 493 696 ad
512 643 700 710 momentum,
719 633 768 694 aed
788 638 954 696 memoriam
975 643 1107 718 acceptae
1127 640 1228 698 salutis
1242 655 1319 699 mcx

180 720 330 800 repeliunt.
371 717 461 796 Atqui
480 715 605 796 Spiritus
624 715 660 776 dc
679 735 749 776 vero
770 717 849 778 cultu
868 713 1019 789 disserens,
1038 737 1097 776 non
1119 718 1169 776 cbo
1189 737 1222 777 re
1242 718 1320 778 donc
1422 783 1423 800 χ

160 799 248 860 ‘istas
271 804 367 878 partes
385 796 562 876 inseparabili
582 813 661 856 nexu
678 795 834 875 coniungit,
853 794 958 856 invoca
978 815 1026 856 me
1044 799 1074 856 in
1094 797 1140 856 dic
1153 797 1319 858 tribulatio·

94 931 101 939 .
179 880 237 938 niet
262 885 291 938 et
309 876 458 948 liberatus,
478 874 604 954 glorifica
624 873 918 949 mc,Pcnl.50,15.
957 873 990 935 Si
1010 876 1056 934 cni
1075 876 1231 936 absordum
1251 895 1319 938 case
1422 919 1423 924 1

127 979 143 1039 J
179 957 300 1029 ridetur,
320 954 416 1016 lideles
436 962 571 1014 votorum
590 955 801 1034 nuncupatione
819 955 923 1034 pucisci
934 973 999 1014 cnm
1014 953 1088 1028 Deo,
1109 962 1141 1015 ut
1155 955 1319 1016 sibiconci·
1422 993 1423 1014 .

178 1037 274 1096 citient
296 1035 437 1096 furorem:
467 1032 638 1114 Respondco
663 1053 721 1093 non
741 1037 905 1112 promittere
924 1033 1002 1112 ipsos
1021 1035 1113 1094 loudls
1133 1033 1318 1104 sacrificinm,
1422 1039 1423 1064 ¹

179 1121 214 1176 ut
237 1115 378 1176 blanditiis
400 1114 495 1193 ipsum
518 1114 606 1178 instar
629 1112 753 1172 hominia
771 1112 900 1173 mortalis
919 1113 1111 1187 demulceant,
1140 1115 1187 1174 vel
1207 1121 1240 1174 ut
1261 1115 1318 1174 sibi
1422 1143 1423 1186 ι

135 1253 140 1268 ,
180 1196 359 1274 obstringant
381 1194 530 1276 proposita
550 1191 694 1263 mercede,
720 1211 813 1270 nuper
831 1194 907 1252 enim
926 1199 1048 1252 tertatm
1065 1201 1108 1256 est
1127 1191 1223 1254 David
1243 1191 1320 1254 nibil
1422 1255 1423 1272 ,

180 1295 212 1336 se
231 1276 332 1336 allerre
355 1273 603 1353 compensationis.
643 1270 785 1335 Votorum
806 1291 874 1350 ergo
894 1270 959 1330 finis
979 1279 1008 1331 et
1027 1269 1096 1332 usui
1116 1279 1168 1347 cat,
1189 1275 1319 1354 primum
1422 1277 1423 1308 l

48 1405 54 1423 ,
180 1361 216 1414 ut
244 1353 413 1433 impetrandi
437 1351 571 1411 liduciam
591 1349 724 1410 cordibus
743 1351 801 1410 suis
822 1351 972 1430 obsignent
990 1347 1130 1411 filii¹Deir
1160 1353 1319 1414 deludent
1422 1325 1423 1410 i

179 1433 381 1574 ttttt'tl
398 1428 1319 1592 {tl:tttlt2¹¹{littleittttttltltltltit
1422 1469 1423 1532 ³

180 1593 268 1656 modo
292 1591 329 1652 ad
353 1609 403 1650 ess
428 1589 572 1650 descendit
595 1588 855 1668 indulgentissimus
880 1587 980 1662 Pater,
1005 1609 1040 1648 ac
1058 1609 1154 1652 cecum
1194 1594 1320 1651 ermittit
1422 1647 1423 1650 ,

180 1674 356 1736 familiariter
376 1669 435 1751 agi,
454 1669 542 1729 modo
561 1669 592 1726 in
611 1667 687 1727 hunc
706 1687 792 1746 quem
813 1669 874 1728 dini
890 1668 977 1729 finem
997 1676 1129 1730 voveant
1169 1612 1198 1748 ὃ

180 1756 234 1825 sit,
257 1751 327 1816 nibil
346 1749 511 1811 tentandum
531 1747 585 1807 nisi
605 1766 641 1804 ex
661 1748 722 1806 eina
743 1751 890 1826 permissu.
920 1747 990 1825 Quo
1009 1751 1099 1828 magis
1118 1750 1229 1810 ridiculi
1248 1760 1319 1811 sunt

89 1883 92 1890 .
181 1831 327 1913 Papiam,
341 1830 392 1910 qni
405 1827 492 1886 stultu
512 1825 654 1907 quaelibet
663 1825 918 1907 absurdaque‘vola
929 1847 1002 1907 quac
1012 1830 1072 1888 sine
1083 1829 1186 1888 iudicio
1204 1831 1317 1890 effutire

1201 1673 1317 1752 uicquid

47 1923 51 1933 '
181 1911 306 1985 libuerit,
325 1907 480 1969 defendunt
499 1906 555 1966 hoc
574 1911 737 1985 praetextu,
756 1909 925 1988 quasivero
944 1907 1021 1969 licita
1041 1908 1228 1984 silebimus,
1248 1913 1317 1992 quie

183 1990 265 2052 Deua
283 1989 365 2052 nobis
384 1987 522 2070 permittit
533 1984 696 2048 'comedere

273 2227 325 2322 15.
348 2225 547 2398 Pret'psain
569 2224 668 2293 oculis
692 2223 831 2294 dehovae
860 2229 948 2292 mers
974 2235 1215 2295 mansuetorum
1237 2226 1317 2294 cius.

186 2334 405 2427 tergedum
442 2332 559 2416 ehova,
594 2333 666 2422 quia
700 2355 759 2423 ego
783 2355 893 2400 servus
915 2341 1004 2414 tuns,
1026 2356 1085 2424 ego
1103 2342 1219 2400 'servus
1240 2343 1317 2399 tuus

184 2441 268 2511 iilius
301 2438 429 2509 ancillae
462 2449 552 2520 tuce,
586 2438 728 2529 dirupisti
756 2437 880 2506 vincula
902 2463 990 2509 mcc:
1036 2439 1089 2510 17.
1111 2439 1184 2506 Tibi
1206 2437 1317 2507 sacrifi

183 2550 262 2619 rabo
288 2545 425 2614 hosdem
446 2545 561 2626 laudis,
583 2554 615 2612 et
640 2567 759 2612 nomen
786 2545 922 2618 lehovae
948 2545 1114 2613 invombo.
1160 2546 1211 2610 18.
1234 2543 1318 2612 Vota

184 2647 255 2722 rnen
280 2651 418 2720 lehovnc
444 2645 574 2718 reddam
606 2673 692 2717 nunc
715 2673 822 2718 coram
842 2635 1057 2742 tnto'popnlc
1077 2637 1157 2719 eius.
1204 2651 1255 2717 19.
1279 2649 1317 2718 Ιιι

184 2760 271 2828 atriis
299 2759 414 2826 domus
436 2755 588 2841 lehovac,
614 2757 647 2824 in
669 2756 774 2824 medio
797 2757 843 2824 tui
863 2756 1043 2826 Ierusalem.
1086 2757 1272 2826 Hnlleluiah.

265 2938 314 3002 15.
333 2940 482 2998 Pretiosa.
512 2934 626 2996 Transit
648 2935 685 2996 ad
704 2935 864 3014 generalem
879 2937 1049 3011 doctrinam,
1069 2938 1132 3019 pios
1151 2957 1236 3000 curae
1255 2957 1319 3000 erre

185 3019 267 3092 Deo,
292 3024 324 3079 ut
347 3017 451 3078 illisio
472 3015 636 3077 necessitate
657 3034 742 3096 opem
761 3018 848 3077 terat:
872 3020 940 3098 quia
961 3019 1084 3099 pretiosa
1103 3025 1148 3078 eat
1167 3037 1262 3078 coram
1281 3038 1318 3078 eo

186 3104 316 3182 ipsorum
338 3097 407 3156 vita.
447 3093 512 3155 Hoc
541 3093 636 3154 cirtem
666 3096 771 3176 clypeo
794 3098 907 3160 munire
930 3118 961 3158 se
981 3099 1072 3158 voluit
1096 3104 1198 3158 contra
1217 3101 1319 3158 mortis

185 3187 309 3242 terrores
332 3177 384 3256 qui
407 3193 491 3256 cucpc
515 3173 728 3255 ingerebantur,
753 3197 841 3258 quum
866 3197 897 3238 se
922 3197 991 3250 mon
1009 3176 1217 3238 absorbendum
1237 3185 1318 3257 puta·

186 3266 240 3321 ret.
269 3255 342 3318 Nom
362 3255 430 3316 dum
449 3257 490 3315 ito
510 3253 575 3314 Deo
594 3255 763 3316 connivente
784 3257 984 3336 periclitamur,
1004 3257 1115 3338 obrepit
1134 3258 1245 3336 opinio,
1263 3276 1318 3317 nos

186 3347 324 3418 tunquam
348 3335 415 3396 vilio
440 3335 579 3416 mancipio
599 3335 712 3414 negligi,
732 3337 879 3415 vitamque
903 3345 1030 3396 nostram
1054 3357 1108 3417 pro
1134 3337 1224 3397 nihilo
1243 3336 1318 3396 duci.

185 3417 247 3478 lam
266 3417 382 3490 scimus,
400 3416 518 3497 impios,
537 3414 606 3476 dnm
626 3415 724 3475 vident
743 3435 795 3474 nos
816 3417 930 3476 destitui
950 3415 1082 3476 omnibus
1102 3416 1263 3498 praesidiis,
1281 3436 1318 3486 eo

150 3526 153 3542 ι
187 3497 322 3559 audacius
341 3502 440 3556 contra
459 3515 512 3556 nos
532 3494 713 3565 insolescere,
730 3495 788 3554 acsi
807 3495 886 3554 nulla
905 3502 979 3556 esset
998 3497 1073 3556 vilae
1092 3503 1144 3556 aut
1157 3497 1318 3555 morlisno-

187 3585 264 3638 strae
287 3577 368 3636 ratio.
409 3573 516 3636 Eorum
541 3593 612 3712 crgo
635 3573 744 3633 libidini
768 3575 902 3656 opposuit
925 3574 1020 3635 David
1039 3575 1120 3635 'hanc
1144 3577 1321 3651 sententiam,

69 3673 76 3680 ·
187 3657 278 3738 pluris
297 3675 360 3716 csse
373 3652 438 3714 Deo
458 3673 526 3714 suos
546 3673 580 3712 cu
594 3660 679 3726 tores,
699 3672 786 3734 quam
806 3661 839 3714 ut
857 3673 906 3716 eoa
926 3655 1042 3716 fortuito
1062 3657 1092 3716 in
1111 3663 1233 3716 mortem
1253 3675 1319 3736 pro-

186 3737 275 3798 iicial.
316 3733 457 3812 Quamvis
480 3751 550 3812 ergo
575 3732 612 3792 ad
642 3740 754 3812 tempus
773 3735 861 3794 aimus
881 3733 1012 3794 omnibns
1031 3735 1162 3796 fortunae
1182 3741 1210 3795 et
1228 3733 1318 3794 bomi-

97 3849 101 3859 =
188 3835 259 3878 num
279 3815 387 3876 iniuriis
406 3814 539 3896 expositi,
558 3831 670 3892 semper
689 3820 786 3872 tamen
804 3822 936 3874 occurrat
955 3814 1026 3874 hacc
1038 3814 1205 3888 consolatio,
1224 3812 1321 3890 Deum
1422 3843 1423 3846 ¹

179 3897 304 3976 ,tandem
323 3895 417 3975 palam
437 3895 579 3954 iacturum
604 3911 690 3970 quam
715 3910 795 3952 caros
819 3891 923 3954 hebeat
949 3896 1057 3954 animae
1077 3901 1198 3954 nostras.
1238 3891 1321 3956 Sient
1422 3911 1423 3966 ζ

188 3975 274 4036 hodie
304 3993 393 4053 quum
417 3972 550 4032 innoxios
576 3973 691 4050 ennguia
710 3971 850 4044 tunditur,
878 3978 908 4032 et
927 3975 1060 4033 atrociter
1078 3973 1214 4034 insultant
1232 3973 1321 4053 impii,
1422 4013 1423 4018 1

188 4056 261 4126 acsi,
286 4053 350 4116 Deo
367 4051 454 4125 victo,
477 4049 637 4130 triumphos
657 4070 672 4110 s
693 4058 787 4128 erent,
812 4059 870 4116 atet
888 4051 971 4114 nobis
990 4052 1073 4114 lirmn
1092 4053 1164 4113 haec
1183 4053 1321 4128 doctrina,
1422 4075 1423 4080 ¹

189 4141 312 4196 mortem
331 4130 472 4204 fidelium,
496 4147 570 4208 quoe
589 4131 666 4189 sordi
722 4135 765 4190 est
784 4149 880 4192 coram
901 4129 1077 4207 hominibus,
1095 4135 1155 4194 imo
1175 4131 1321 4213 probrosa,

189 4215 219 4272 in
239 4212 329 4272 oculis
348 4207 405 4272 Dei
430 4228 491 4270 csse
510 4207 678 4290 pretiosam,
701 4217 736 4271 ut
754 4208 869 4272 undem
888 4212 937 4273 vel
955 4213 1077 4273 mortuis
1095 4231 1211 4273 manum
1232 4213 1320 4292 porri-

189 4299 252 4371 gat:
276 4299 306 4351 et
329 4289 477 4352 horrendis
501 4287 639 4369 exemplis
663 4289 850 4352 demonstret,
863 4311 951 4371 quam
977 4291 1030 4352 sibi
1054 4294 1145 4354 invisa
1165 4294 1204 4352 sit
1223 4311 1322 4352 eornm

190 4369 341 4432 crudelitas
365 4369 416 4450 qui
434 4370 538 4438 iniuste
556 4367 649 4432 bonos
668 4376 698 4432 et
715 4371 858 4452 simplices
877 4369 1015 4452 affligunt.
1045 4370 1120 4435 Nam
1138 4373 1163 4434 si
1181 4371 1322 4451 lucrymis
1422 4417 1423 4450 .
