2874 4888
178 303 235 364 146,
600 305 889 346 ιοιιιιίιυι

179 431 229 490 bra
249 428 321 489 Dei:
344 429 374 488 in
399 423 525 490 secundo
551 425 679 485 membro
699 425 859 507 emphatica
880 427 988 486 notatio
1008 426 1076 489 erit.
1101 425 1167 505 quia
1186 425 1246 486 illic
1265 424 1318 486 hu·

177 511 270 570 manis
289 507 402 569 auxiliis
423 506 577 586 opponitur
596 505 652 564 Dei
674 509 808 586 potentia.
839 505 889 566 Sic
908 507 992 566 eliam
1013 503 1156 586 Propheta
1178 506 1319 566 hocloco

177 587 412 650 mansurossdicit
430 585 483 672 qula
504 585 670 644 umbratici
690 588 789 666 quiin
809 586 906 646 abdito
926 587 988 645 cios
1008 584 1149 644 habitant:
1170 586 1236 664 quia
1253 606 1318 646 son·

177 672 248 735 tient
276 666 391 728 tandem
421 666 489 744 qnid
515 665 613 730 ualeat
638 668 699 724 eins
728 668 877 746 protectio.
923 661 1028 742 Quum
1054 684 1123 744 ergo
1149 663 1223 724 hona
1249 685 1321 746 para

178 748 277 808 mnndi
295 751 413 825 quaerat
431 745 484 803 sihi
504 746 595 805 varias
614 745 762 816 laetehras,
782 753 869 825 atque
888 752 922 806 ut
941 764 971 804 sc
992 746 1101 824 quique
1119 743 1260 804 obnoxios
1273 749 1318 802 vi·
1373 785 1377 800 .

179 829 247 888 dent
266 825 394 907 pluribus
414 825 504 896 malis,
525 825 753 902 circumspiciant
773 824 870 886 hocet
885 826 966 886 illuct
987 826 1081 900 docet,
1099 825 1321 903 nosquamalihi

179 915 271 968 tutam
290 912 319 964 et
338 903 584 984 inexpugnabilem
605 905 702 964 salutis
723 923 817 966 arcem
838 923 913 978 esse,
934 902 1146 984 quimandin
1168 907 1319 982 praesidio.

180 987 279 1066 ltaque
303 1003 369 1065 spes
393 1003 492 1042 omnes
516 982 619 1062 quibas
644 991 677 1044 ut
700 986 855 1065 plurimum
876 985 1050 1058 deludimur,
1077 988 1198 1063 opponit
1217 1003 1321 1042 corum

181 1068 324 1128 recantat-i
345 1065 396 1144 qni
414 1064 443 1122 in
457 1061 549 1122 Deum
569 1063 747 1124 recumbunt.
767 1063 894 1124 Eandem
915 1065 1073 1124 doctrinata
1093 1063 1319 1122 secundoversu

163 1145 345 1216 .confirmat,
369 1143 511 1221 simulque
531 1143 667 1216 ostendit,
692 1164 733 1204 ex
757 1147 874 1224 proprio
899 1163 983 1205 sensu
1009 1151 1037 1204 et
1057 1141 1123 1202 fsdci
1142 1144 1322 1220 experientia
1352 1171 1362 1184 ’

181 1245 212 1288 se
237 1225 329 1304 loqui:
357 1220 434 1302 qnod
459 1222 542 1284 valde
567 1225 756 1283 necessarium
777 1233 820 1284 est
839 1225 867 1284 in
889 1224 1015 1284 doctore.
1055 1221 1133 1282 llaec
1153 1225 1228 1282 enim
1252 1241 1322 1282 vera

180 1305 295 1366 demum
319 1309 362 1370 cst
382 1304 519 1382 cognitio,
544 1323 632 1382 quam
657 1323 709 1382 per
732 1323 835 1364 monos
854 1303 916 1364 aliis
936 1303 1046 1366 tradere
1065 1303 1144 1374 licet,
1164 1301 1233 1360 duur
1253 1323 1321 1382 pro-

1 1421 2 1456 3
183 1384 298 1444 ferimus
319 1401 376 1442 noa
397 1401 434 1442 ex
454 1381 533 1441 lahiis
552 1390 674 1454 tautum,
692 1384 742 1442 sed
762 1405 799 1444 cx
818 1385 920 1446 intimo
940 1384 1026 1444 corde
1045 1381 1124 1462 qood
1139 1381 1221 1442 nohis
1236 1379 1322 1442 fleus

1 1477 2 1506 t
44 1513 52 1526 ,
200 1463 319 1523 olefacit.
349 1459 427 1541 Ergo
447 1459 601 1541 Propheta,
620 1481 658 1520 ex
677 1461 777 1524 intimo
798 1465 903 1524 affectu
923 1464 999 1543 quod
1021 1482 1112 1542 nuper
1132 1461 1230 1520 docuit
1250 1483 1321 1540 pro-

179 1485 286 1604 fectum
317 1561 378 1600 esse
407 1549 536 1600 testatur.
578 1539 751 1620 Quanquam
776 1551 871 1604 autern
901 1543 981 1602 litera
1007 1514 1033 1608 h
1064 1561 1149 1622 saepo
1180 1541 1322 1620 accipitur

201 1643 234 1682 ro
255 1621 313 1696 De,
333 1627 363 1681 et
382 1621 438 1681 hoc
462 1623 527 1680 loco
555 1639 570 1680 a
593 1621 736 1702 plerisque
755 1625 795 1682 ila
816 1625 948 1684 vertitur:
976 1621 1040 1702 plus
1060 1629 1155 1682 tameo
1177 1619 1322 1680 efficaciae
1433 1675 1434 1686 ,

151 1742 156 1763 ι
180 1643 266 1762 hahet
290 1697 368 1780 qndd
393 1701 521 1784 reddidi.¹
551 1699 652 1781 Neque
671 1705 747 1764 enim
766 1703 934 1782 simpliciter
952 1708 1080 1762 statuunt
1098 1699 1202 1760 fideles
1224 1699 1322 1758 Deum

180 1781 233 1840 sihi
260 1781 322 1840 fore
346 1780 411 1840 loco
437 1784 534 1854 arcis,¹
552 1781 601 1840 sed
626 1783 687 1840 eins
707 1781 941 1860 promissionibus
962 1782 1040 1855 freti,
1061 1780 1232 1840 familiariter
1251 1801 1322 1839 eum

181 1859 361 1940 compellant.
406 1858 449 1918 lta
474 1879 521 1918 ext
536 1861 671 1942 precandi
697 1861 802 1921 fiducia
826 1861 978 1922 confirmat
1004 1881 1091 1940 quam
1117 1867 1179 1920 tnta
1204 1861 1240 1918 sit
1264 1859 1321 1918 snb

184 1940 283 1998 umbra
305 1937 360 1998 Dei
381 1939 525 1999 habitatio.
566 1939 646 2000 llaec
665 1943 741 2000 enim
762 1949 859 2002 sancta
879 1941 1009 2024 gloriatio
1030 1940 1170 2000 maximos
1189 1945 1232 1998 cst
1251 1938 1320 1998 fidei

181 2019 358 2100 triumphus,
384 2019 453 2080 dum
479 2021 618 2099 intrepide
644 2021 824 2101 contegimus
848 2023 885 2082 ad
907 2019 1016 2096 Deum,
1042 2020 1176 2102 quicquid
1197 2021 1321 2078 accidat:
1349 2086 1357 2097 Ι

180 2107 318 2180 certoque
347 2101 474 2180 persuasi
504 2120 603 2160 sumus
632 2121 690 2162 oon
714 2109 834 2164 tantum
853 2109 920 2167 rota
946 2109 1041 2163 nostra
1067 2101 1102 2159 ab
1123 2119 1157 2158 eo
1178 2101 1319 2174 exaudiri,

182 2181 231 2242 sed
258 2181 326 2240 satis
351 2199 493 2260 superque
517 2181 615 2239 auxilii
640 2181 721 2240 nobis
746 2201 808 2242 esso
831 2183 860 2242 tn
886 2186 946 2240 cius
971 2201 1065 2240 mauu.
1106 2178 1201 2238 Tertio
1221 2189 1320 2240 antem

182 2280 268 2319 versu
288 2259 372 2340 spent
388 2261 424 2318 de
444 2277 501 2338 qna
520 2261 657 2341 loquutus
677 2269 747 2335 erat,
767 2264 835 2322 dicit
845 2283 903 2322 oon
917 2261 1045 2322 fallacem
1058 2261 1103 2320 vel
1118 2262 1226 2319 irritam
1248 2261 1320 2334 fore,

182 2341 250 2422 quia
270 2337 352 2400 Dens
376 2359 495 2400 suornm
520 2347 660 2420 pepetuus
679 2343 716 2401 sit
735 2342 887 2402 liberator..
915 2341 1017 2420 Neque
1036 2342 1111 2402 ento
1132 2339 1229 2400 dubito
1250 2343 1321 2420 quin

182 2439 341 2481 sermonem
362 2420 397 2479 ad
418 2419 544 2500 seipsum
563 2429 722 2494 convertat,
741 2443 828 2502 seque
849 2423 904 2482 hoc
924 2423 1055 2482 modoad
1067 2421 1320 2500 benesperaodom

181 2504 295 2562 animet.
327 2497 452 2578 Quidam
472 2503 606 2584 toqsaeum
626 2501 661 2560 ab
681 2505 796 2562 excidio
815 2503 862 2561 vel
882 2507 962 2584 peste
977 2503 1163 2582 distinguunt,
1182 2507 1320 2582 tauquam

185 2581 329 2640 occultum
349 2581 457 2639 malum
480 2599 496 2638 a
517 2581 681 2641 manifesto:
703 2584 759 2640 acsi
779 2581 896 2642 dixisset
917 2580 1070 2664 Propheta,
1090 2579 1158 2640 Sive
1178 2582 1251 2640 clam
1272 2601 1317 2640 oo·

182 2661 265 2720 cultis
285 2659 393 2718 artibus
413 2660 561 2719 insidietur
581 2657 771 2732 nobisSatan‚
791 2663 852 2722 sive
872 2670 970 2742 aperto
982 2661 1071 2722 Marte
1091 2680 1144 2720 nos
1164 2667 1320 2742 oppugnet,

182 2745 312 2821 paratum
336 2737 398 2797 fore
429 2737 484 2798 Dei
513 2741 667 2814 auxilium,
704 2741 781 2820 qnod
806 2741 875 2801 mihi
906 2762 963 2800 non
993 2741 1131 2822 displicet.
1186 2743 1260 2800 llam
1287 2749 1319 2800 nt

181 2819 322 2957 quisp'iam
341 2817 497 2898 simplicius
518 2821 645 2898 accipere
665 2823 750 2880 verba
772 2821 863 2896 malit,
884 2821 1030 2902 probabile
1049 2831 1144 2880 tamen
1163 2828 1207 2900 est
1221 2824 1316 2880 notari

181 2917 251 2978 quas
264 2896 320 2957 'het
344 2898 485 2958 unorum
505 2902 626 2980 speciest
647 2905 678 2959 ut
698 2903 819 2962 sciamus
840 2903 917 2962 nulla
937 2905 967 2962 in
987 2912 1068 2984 parte
1087 2919 1141 2962 nos
1160 2901 1317 2982 periclitari

183 2980 253 3058 quin
274 2975 354 3037 Deus
374 2985 528 3038 succurrat.

260 3056 289 3117 4.
309 3059 378 3116 Alo
396 3065 460 3118 suto
474 3067 612 3142 proteget
637 3069 674 3120 te.
714 3053 794 3121 Haec
824 3061 996 3134 similitudo,
1026 3081 1113 3149 quam
1143 3063 1228 3120 etiam
1252 3060 1321 3122 stibi

179 3141 299 3216 usurpat
318 3135 476 3217 Scriptura,
499 3141 599 3199 miram
619 3138 674 3199 Dei
694 3140 725 3202 iu
745 3143 865 3215 tenenda
884 3143 975 3204 salute
994 3141 1324 3216 nostrasollicitudinem

181 3217 279 3294 pnlcre
305 3213 440 3296 depingit.
480 3217 513 3275 Sl
533 3221 562 3277 in
582 3239 612 3278 se
633 3228 781 3300 reputatur
800 3220 856 3282 Dei
876 3226 1022 3300 maiestas,
1048 3231 1124 3300 cepte
1144 3222 1215 3281 nihil
1235 3221 1319 3282 habs·

118 3306 123 3317 ’
180 3297 222 3354 hit
242 3293 329 3354 aliine
354 3297 402 3354 vel
421 3295 531 3376 gallinis
553 3299 597 3357 vel
618 3299 678 3358 aliis
699 3293 820 3376 assibus,¹
837 3310 870 3361 ut
888 3302 1017 3363 fovendis
1038 3305 1122 3383 pnths
1142 3303 1201 3361 alas
1221 3309 1318 3362 exten·

167 3377 236 3436 .dat.
277 3373 341 3454 lpse
360 3377 430 3435 vero
451 3382 483 3435 ut
502 3376 657 3438 infirmitati
678 3387 792 3441 nostrae
813 3383 957 3456 consulat,
982 3402 998 3443 a
1019 3384 1133 3444 coelesti
1158 3401 1209 3442 sua
1249 3383 1319 3444 loria

183 3453 396 3534 quodammodo
417 3455 590 3518 descendero
610 3479 668 3520 non
689 3467 832 3539 gravatur,
852 3469 885 3522 nt
903 3463 957 3522 suh
977 3463 1096 3540 gallinae
1110 3405 1318 3542 imaginchlan·

180 3535 245 3594 dius
271 3529 325 3594 nos*
345 3535 453 3596 invitet.
494 3535 574 3596 Nihil
593 3558 661 3618 ergo
682 3547 725 3600 est
745 3541 822 3620 qnod
843 3561 896 3604 nos
916 3544 1053 3621 impediat
1070 3563 1088 3602 a
1108 3543 1237 3604 familiari
1257 3545 1337 3608 eim,
1433 3591 1435 3598 ι

180 3632 314 3682 accessu,
339 3615 456 3694 quando
480 3616 519 3676 ita
543 3620 713 3680 comitasse
735 3621 866 3682 demittit.
905 3621 1079 3703 Quanquam
1100 3616 1322 3702 autemgverilas
1349 3647 1352 3651 ·

180 3691 253 3767 Dei,
279 3711 365 3771 qnam
391 3695 484 3775 clypei
508 3704 536 3757 at
550 3719 677 3778 pomae
695 3699 766 3762 loco.
781 3701 842 3761 fore
861 3701 945 3776 dicit,
967 3723 1020 3782 pro
1041 3703 1174 3764 fidelitate
1199 3704 1321 3782 capitur,

182 3773 249 3852 quia
270 3769 352 3832 Deus
376 3793 523 3854 nunqnam
544 3795 615 3846 ,suos
635 3780 665 3840 in
684 3783 850 3840 necessitate
870 3781 987 3842 deserto
1013 3783 1130 3844 dubium
1151 3791 1247 3852 tamen
1260 3801 1320 3842 non

177 3859 223 3911 ost
248 3852 317 3930 quin
342 3851 379 3912 ad
399 3850 456 3912 Dei
480 3859 685 3935 promissiones
704 3863 835 3940 respiciat
854 3859 1014 3944 Propheta,
1033 3867 1094 3924 sine
1113 3863 1216 3943 quihus
1235 3881 1323 3924 nemo

177 3932 207 3992 in
228 3928 284 3994 Dei
309 3931 404 3994 sinum
429 3937 568 3998 conticere
592 3939 774 4008 scanderet.
815 3938 892 4019 Quia
917 3943 1003 4022 igitur
1027 3945 1139 4004 sublato
1160 3943 1248 4002 verbo
1268 3962 1320 4021 gu-

177 4017 255 4105 ptare
280 4030 338 4072 non
365 4031 514 4092 possemus
538 4016 612 4078 hanc
633 4017 689 4079 Dei
713 4018 867 4082 bonitatem
888 4022 923 4080 do
948 4041 1004 4101 qua
1031 4023 1140 4084 disserit
1165 4021 1322 4103 Propheta,

177 4097 398 4172 ipsum-testem
425 4097 487 4156 eins
513 4098 654 4174 producit.
694 4096 786 4158 Sicuti
811 4107 908 4164 antam
933 4123 1024 4182 nuper
1044 4102 1140 4164 Deum
1164 4107 1223 4164 arci
1243 4123 1320 4164 coos·

176 4189 297 4249 parans,
322 4176 403 4233 tutos
427 4179 457 4234 et
475 4175 571 4236 salvos
591 4177 654 4236 tore
674 4176 746 4238 dixit
765 4182 836 4259 quin
855 4183 885 4246 io
906 4201 942 4244 eo
961 4185 1159 4263 acquiescunt:
1184 4185 1224 4245 ita
1244 4203 1323 4244 nunc

56 4319 60 4330 Ι
176 4248 231 4308 suh
251 4250 346 4328 clypei
365 4253 548 4314 similitudine
567 4256 768 4320 intermedium·
784 4257 848 4322 fore
867 4263 966 4339 docet,
986 4271 1020 4324 ut
1044 4283 1098 4324 nos
1117 4264 1154 4324 als
1179 4265 1258 4325 omni
1278 4265 1319 4326 in·

177 4329 256 4388 saltu
276 4329 418 4394 defendat.
