2844 4882
474 327 519 369 ιιι
547 319 597 369 a's
611 329 628 368 a
644 327 707 368 ιιι.
736 307 852 370 cxxxv.
1184 321 1238 390 453

88 447 187 510 hodic
206 467 394 590 quoscunque
413 450 578 532 impropera
597 451 683 512 ulum
701 445 820 531 adoptat
839 445 986 512 eluserit
1005 452 1034 512 in
1055 471 1159 534 eorpus
1174 456 1236 516 uni·

86 531 187 610 geniti
230 530 271 590 iii
290 531 341 590 sut.
1200 531 1204 546 '

189 711 221 779 5.
244 709 325 796 Quia
348 734 408 804 ego
430 712 566 803 cognovi
588 712 676 803 quod
696 730 830 804 maguus
851 711 983 796 lebona,
1010 723 1048 782 et
1068 701 1160 795 Deus
1181 739 1235 785 uo

89 827 162 885 ster
188 841 264 908 prae
293 818 441 884 omnibus
467 819 536 886 diis.
581 818 612 885 6.
637 817 750 886 Omnia
774 841 855 909 quae
878 818 947 886 vnit
968 817 1084 896 lebova
1106 820 1180 890 iacit
1201 823 1234 888 in

89 922 195 992 coelis
218 922 304 990 etin
327 933 417 1016 terra,
439 917 473 990 in
494 924 572 990 muri
594 935 627 992 ct
648 923 945 1022 omnibnsabyssisr
979 923 1012 992 7’.·
1032 925 1234 996 Adscendere

90 1029 216 1098 faciens
247 1027 350 1116 nubes
382 1029 422 1118 ab
443 1039 597 1099 ,extremo
625 1039 741 1112 terrae,
775 1028 898 1122 fulgura
925 1029 965 1119 ad
990 1019 1235 1122 moriemimi,

92 1135 237 1204 educens
258 1147 390 1203 ventum
412 1159 454 1203 ex
476 1135 555 1204 locis
576 1135 642 1204 suis
664 1135 864 1205 absconditis.

178 1311 207 1372 5.
229 1305 309 1382 crta
329 1331 386 1392 ego
406 1318 543 1390 rogarat.
583 1306 706 1370 Ponitur
737 1307 876 1390 generalia
904 1301 1049 1390 potentiae
1068 1308 1235 1391 descriptior

91 1387 801 1530 ruiturlirinensem
821 1386 1046 1462 ¹⁰
1065 1405 1128 1528 er

90 1485 1233 1708 :zer-trrrrrlrerrrore‚ututur

89 1707 212 1778 tionem,
232 1714 265 1768 nt
283 1705 473 1786 expergefacti
493 1713 668 1788 cognoscant
688 1705 765 1787 quod
785 1705 881 1787 palam
891 1705 1079 1784 conspicuum
1087 1711 1141 1772 eat.
1170 1703 1247 1766 Etsi*

91 1787 171 1844 enim
191 1783 247 1845 Dei
265 1787 481 1847 immensitatem
500 1807 587 1846 nemo
606 1788 692 1868 capit,
712 1785 801 1865 gloria
821 1791 917 1844 tamen
937 1785 1009 1857 eine,
1028 1786 1168 1864 quatenus
1182 1803 1231 1845 aa·

37 1879 39 1920 ι
90 1863 187 1944 pedit,
216 1863 284 1924 eatis
303 1871 349 1924 est
368 1865 450 1926 nohis
474 1868 618 1948 exposita,
647 1873 681 1925 ut
699 1873 778 1925 totns
796 1864 919 1924 mundus
940 1869 1036 1933 carmi
1053 1864 1231 1944 ignorantiae

91 1949 253 2022 praetextu.
284 1941 358 2003 Nam
378 1947 506 2024 quisquis
525 1945 597 2006 noeti
616 1951 647 2006 et
665 1951 758 2004 terrae
777 1949 934 2024 conspectu
952 1943 1065 2018 fruitur,
1082 1942 1232 2023 quomodo

91 2023 155 2081 aine
179 2040 292 2082 summo
319 2023 424 2084 sociem
443 2030 588 2084 auctorem
608 2025 702 2109 ipsum
721 2017 824 2083 clausis
844 2021 934 2082 oculis
952 2021 1133 2102 praeteribit?
1171 2021 1231 2089 Sed

37 2127 38 2162 ι
93 2119 155 2180 qno
175 2119 229 2162 noe
247 2101 392 2164 efficacius
412 2110 560 2184 pungeret,
580 2121 634 2162 suo
653 2099 787 2184 exemplo
805 2100 842 2161 ad
855 2101 992 2162 notitiam
1011 2099 1166 2181 gloria'Dei
1185 2103 1230 2161 in.

93 2183 180 2240 vitate
208 2181 256 2242 rcl
285 2183 380 2262 potins
411 2185 480 2243 casti
500 2189 530 2244 at
558 2191 704 2262 stuporem
733 2187 879 2254 nostrum,
908 2179 988 2260 qnod
1007 2197 1066 2240 uon
1086 2182 1174 2240 simus
1193 2180 1230 2242 ed

37 2319 38 2324 ,
92 2277 158 2320 eam
188 2261 419 2323 considerandam
449 2271 517 2323 satra
542 2266 651 2322 attenti.
690 2261 737 2322 nx
754 2259 880 2321 secundo
899 2257 1028 2320 membro
1047 2260 1151 2320 rernm
1170 2260 1228 2322 ool·

92 2340 208 2420 ligimus
226 2339 305 2422 quod
325 2361 416 2438 nuper
435 2343 525 2424 attigi,
544 2342 601 2404 hou
619 2341 725 2402 scilicet
744 2359 806 2402 esee
825 2337 987 2420 Prophetae
1005 2339 1172 2414 consilium,
1185 2339 1245 2400 ds·

92 2420 206 2480 raelitas
225 2421 348 2482 retinere
365 2441 396 2482 ru
415 2424 499 2483 nuins
511 2420 566 2482 Dei
581 2421 661 2482 cultu
675 2428 704 2482 et
715 2422 829 2481 timore:
855 2421 922 2500 quia
932 2419 1007 2479 idem
1017 2417 1157 2500 Deuequi
1169 2419 1230 2479 loc-

92 2499 147 2558 dus
166 2519 250 2561 auum
270 2503 415 2582 pepigerat
435 2521 501 2562 cum
520 2521 620 2562 corum
639 2498 780 2574 Patribus,
799 2499 871 2560 coeli
892 2505 922 2558 ct
940 2507 1032 2560 terrae
1051 2499 1089 2560 eit
1107 2506 1227 2560 creator.

91 2577 249 2659 Postquam
269 2583 345 2641 enim
366 2580 500 2644 letiorem
520 2581 690 2654 nominavit,
710 2581 804 2640 statim
824 2579 902 2639 addit
920 2597 982 2640 esee
1002 2577 1097 2638 Deum
1107 2577 1228 2642 unctis.

95 2657 175 2720 Unde
193 2662 337 2740 seqnitur,
356 2661 520 2742 quicunque
540 2661 575 2721 ab
586 2663 642 2722 hoc
652 2660 716 2720 Deo
727 2659 877 2733 declinant,
897 2659 968 2722 lateo
979 2658 1161 2738 praetendere
1173 2655 1227 2718 Dei

91 2757 208 2800 nomeu:
227 2741 310 2801 sicuti
329 2741 415 2800 hodic
434 2741 530 2802 ludaei
549 2747 580 2801 et
596 2740 715 2815 Torone,
734 2739 865 2820 quamvis
885 2737 980 2800 Deum
1000 2739 1100 2798 muudi
1118 2743 1237 2798 oreatu-x

91 2837 153 2880 rem
172 2837 203 2878 sc
222 2818 315 2880 colere
333 2817 536 2900 profiteantur,
561 2837 653 2880 meras
672 2825 883 2902 nngaseguutr
913 2818 979 2898 qnia
999 2815 1048 2876 irbi
1067 2835 1085 2876 a
1103 2813 1179 2896 Lege
1198 2825 1227 2878 et

92 2897 247 2978 Evangelio
266 2897 431 2973 disceditur,
450 2898 592 2980 quaelibet
633 2902 725 2960 ietatis
744 2899 893 2970 iactantia,
921 2898 981 2956 veri
1001 2893 1057 2956 Dei
1077 2904 1121 2958 eat
1139 2897 1226 2958 abue-

94 2979 177 3057 gutio.
216 2975 316 3058 ltaque
334 2977 479 3058 Propheta
508 2998 578 3040 nour
592 2921 642 3039 aiis
662 2998 694 3040 aa
713 2977 828 3060 speciali
847 2977 931 3036 titulo
949 2975 1046 3036 Deum
1058 2978 1165 3051 ,vestit
1192 2984 1243 3038 ιιιΙ

94 3076 126 3118 se
154 3057 316 3118 contineant
332 3055 474 3119 [ancilliae
498 3058 528 3118 in
547 3057 632 3140 Legis
661 3057 799 3120 doctrina.
838 3055 871 3116 Si
890 3075 943 3136 per
960 3037 1089 3132 0*an
1102 3056 1225 3116 ¹tietr'tioa

96 3135 227 3194 Gentium
246 3135 314 3196 deos
333 3137 485 3217 intelligas,
504 3140 560 3199 erit
579 3139 738 3199 concessio:
767 3138 836 3216 qnia
854 3136 1009 3216 improprie
1031 3135 1123 3196 Deum
1143 3137 1225 3196 vanis

94 3221 124 3274 ct
162 3213 219 3274 'hili
238 3215 379 3297 tigmentis
398 3217 551 3292 conterret,
569 3237 604 3277 ac
623 3235 721 3278 seusus
740 3217 803 3290 erit,
822 3213 880 3274 Dei
888 3216 1109 3295 magnitudinem
1120 3215 1162 3276 siu
1175 3234 1224 3276 ea·

95 3315 111 3356 c
148 3313 203 3368 ere,
224 3301 256 3355 nt
274 3297 303 3356 in
322 3295 441 3357 nihilum
460 3297 569 3380 redigat
589 3296 724 3377 quicquid
743 3294 866 3356 Deitatis
881 3294 1009 3374 tingitur.
1041 3295 1163 3356 Videtur
1180 3301 1222 3354 ta·

93 3393 158 3438 meu
176 3374 301 3454 Angelos
321 3377 485 3456 complecti,
504 3385 538 3437 nt
556 3377 624 3438 alibi
642 3375 783 3436 diximus:
812 3375 880 3454 quia
898 3377 953 3433 etsi
969 3372 1000 3433 in
1019 3374 1076 3434 illis
1094 3373 1223 3434 ditinum

94 3453 197 3538 aliquid
222 3454 339 3528 emicat,
388 3463 506 3516 natenue
525 3456 663 3520 meuses
682 3462 750 3516 aunt
768 3453 887 3513 mrtntee
906 3469 941 3511 ac
959 3453 1146 3533 principatus:
1176 3471 1222 3512 au·

94 3535 247 3615 pereminet
264 3540 360 3674 taqnen
410 3553 460 3675 qua
478 3537 549 3620 ipae,
567 3542 603 3598 ut
621 3553 672 3598 eos
690 3535 822 3618 cogatin
842 3531 979 3608 ordinem,
998 3549 1035 3594 ne
1053 3531 1224 3616 magnitudis

93 3633 156 3676 nem
174 3631 255 3674 suam
273 3635 291 3674 o
311 3633 411 3676 scaren
1238 3639 1241 3648 ¹

128 3698 131 3706 ⁴
169 3697 196 3754 6.
219 3698 327 3755 Omnia
346 3719 421 3778 quoe
439 3699 500 3758 metr
518 3699 638 3758 Ieboou.
663 3695 741 3757 Haec
759 3702 804 3758 est
821 3695 960 3756 immensa
979 3693 1035 3756 Dei
1049 3689 1221 3774 magnitudo

94 3775 171 3913 unqua
187 3775 325 3914 mqmiqit,
343 3775 422 3915 qqqd
441 3795 499 3836 non
518 3779 606 3872 sprnel
625 3775 1043 3918 ιιιιῗιιιιοιιιῧιίοιίιιοιιιῧιειιι
1061 3783 1093 3835 et
1094 3783 1220 3916 smm’
1238 3880 1240 3888 Ι

95 3872 376 4008 ζωὲἶιὲῗοῖωἳ
397 3873 444 3995 qqr
453 3875 560 3998 abiibbba
570 3863 975 4016 qtqqsqquqroqoeloaqrngqqt
993 3873 1102 3996 abietdta
1120 3873 1221 3994 munbi

96 4031 167 4087 cura,
185 4033 250 4074 eum
270 4031 322 4074 sua
341 4016 446 4076 virtute
464 4016 552 4095 impie
569 4016 707 4097 spoliant,
736 4017 816 4096 atqui
835 4031 967 4096 magnam
986 4013 1135 4075 homiuum
1175 4030 1219 4072 ar·

95 4099 149 4152 tem
175 4100 305 4173 aucupet·
323 4111 450 4155 meseum
479 4096 536 4155 boo
558 4104 762 4158 commentum.
801 4093 835 4153 Si
858 4096 923 4174 quis
946 4101 1029 4174 roget
1047 4111 1085 4154 au
1104 4033 1221 4154 credant

95 4169 183 4232 Deum
202 4172 324 4247 domiue,
349 4173 496 4255 negabunt
514 4175 642 4253 qnidam:
672 4177 722 4236 sed
741 4175 809 4234 dum
828 4175 1019 4254 imaginantur
1037 4191 1103 4234 eum
1122 4174 1221 4232 laxare

37 4255 38 4266 ¹
95 4253 217 4312 fortunae
234 4250 374 4326 hebenus,
393 4254 573 4316 umbratilem
593 4255 731 4316 duntaxat
750 4253 906 4336 potentiam
925 4254 952 4314 ei
970 4252 1128 4332 relinqunt,
1147 4269 1220 4332 qnae

37 4311 39 4426 J
96 4331 189 4392 elenu
207 4319 260 4392 siro
280 4341 384 4397 eareat.
404 4352 494 4415 quum
507 4331 654 4414 Scriptura
673 4334 775 4394 doceat
794 4331 933 4394 actualem
951 4351 1026 4394 cese:
1047 4335 1115 4414 quia
1139 4339 1220 4392 totns

37 4475 39 4504 Ι
98 4411 208 4474 nundus
239 4412 301 4474 eiua
329 4412 447 4476 arbitrio
475 4417 590 4496 regitur.
629 4410 705 4476 Nam
724 4413 867 4495 Propheta
897 4413 1001 4476 diserte
1019 4413 1068 4476 hio
1086 4412 1219 4485 affirmat,
