2890 4886
553 275 785 319 suessan.
814 275 850 316 cr.
1209 279 1263 338 193

206 403 235 460 1.
258 399 455 460 amman
480 393 568 475 Quod
588 397 623 458 de
643 403 729 458 matu
748 397 885 473 mutuis,
897 399 946 460 *sio
964 397 1262 480 intelligantlectores,

144 475 256 538 roliteri
278 475 337 538 hoc
354 474 470 538 Psalmo
515 475 573 538 uod
597 475 673 558 apud
697 496 728 536 sc
757 477 908 537 meditatus
933 485 1006 554 erat,
1037 479 1130 560 qualis
1154 481 1261 544 scilicet

120 499 325 620 beslutnrus
344 561 419 640 esset
438 557 500 616 sirm
539 575 556 616 c
574 557 747 637 promissum
766 556 869 616 solium
888 556 962 616 foret
981 555 1115 653 adqstns.⁴
1136 559 1261 643 cauere

78 680 80 688 ·
120 657 195 718 ergo
214 637 392 708 clementiam
411 641 440 696 et
459 634 594 710 iudicium
614 635 779 696 tantundem
799 636 876 698 valet
896 654 930 696 ac
949 637 1178 717 testansotenui
1198 661 1260 702 ver·
1302 679 1305 689 ·

119 717 229 778 borum
249 716 471 797 nuncupatione,
490 733 522 776 se
540 713 603 776 foro
621 713 727 776 iustum
746 721 777 774 et
795 733 920 796 aequum
939 711 1059 794 Regem.
1083 717 1260 800 Augustinus

119 795 268 858 subtiliter
287 795 402 876 accipit,
427 793 506 874 quod
529 793 687 860 laudandus
707 793 744 853 sit
761 791 842 854 Deus
862 795 922 856 sive
942 796 1071 856 homines
1091 816 1189 858 severe
1207 821 1260 881 pu·

119 878 196 950 nist,
215 877 277 936 sive
295 873 506 936 misericordem
525 893 557 934 se
576 873 631 934 illis
650 879 781 955 praestet
820 873 879 933 Sed
898 871 995 934 David
1013 874 1062 936 hic
1081 897 1141 937 nou
1160 878 1196 940 de
1215 898 1261 940 ar·
1330 891 1335 898 '

119 957 204 1018 cauis
223 953 281 1016 Dei
299 954 418 1028 iudiciis,
437 954 488 1014 sed
507 951 543 1016 de
562 951 687 1034 legitima
706 953 786 1032 regui
804 951 1044 1016 administratione
1064 958 1260 1036 condonatur,
1286 1004 1291 1025 .

119 1043 158 1096 nt
182 1041 243 1096 tam
263 1033 356 1094 vorbis
380 1052 467 1116 qnam
490 1033 574 1094 iactis
597 1050 667 1092 suae
685 1032 829 1093 vocationi
847 1034 1024 1128 respondeat
1064 1033 1164 1117 Quum
1184 1038 1262 1115 dicit,
1285 1034 1288 1044 ¹

118 1117 177 1178 sats
196 1118 308 1178 ledono
321 1111 469 1196 pesitum,
484 1111 548 1174 'Dei
571 1110 711 1172 beneficio
735 1131 766 1172 sc
790 1122 920 1191 agnoscit
944 1113 980 1173 ad
1005 1120 1065 1176 mm
1083 1117 1261 1196 praeclarum

119 1203 154 1256 et
178 1193 369 1279 honorificum
393 1211 497 1254 munos
525 1211 589 1254 esse
617 1192 802 1251 destinatum:
823 1186 900 1272 ‘qnia
928 1191 1066 1272 superbae
1095 1198 1261 1258 temeritatis

119 1273 229 1336 luisset
253 1273 329 1344 ultro
352 1293 383 1334 se
402 1273 538 1352 ingerere,
577 1268 645 1331 Non
664 1269 714 1330 abs
733 1289 766 1331 re
785 1275 881 1330 sutem
899 1273 990 1352 regias
1010 1275 1129 1334 virtutes
1149 1274 1269 1338 duabus·

119 1353 170 1414 his
184 1351 314 1435 partibus
328 1351 535 1434 complectitur,
554 1350 703 1412 clementia
721 1356 751 1411 et
766 1349 884 1410 iudicio:
905 1353 971 1432 quia
982 1353 1063 1412 sicuti
1073 1355 1259 1438 praecipuum
1337 1397 1342 1402 -

117 1429 212 1513 Regis
231 1452 335 1494 munus
354 1438 412 1505 est,
435 1451 520 1492 suum
540 1431 643 1510 cuique
661 1430 707 1490 ius
726 1427 857 1503 reddere,
881 1431 919 1490 ita
944 1429 1080 1506 sollicitus
1100 1451 1169 1514 erga
1188 1453 1257 1496 suos
1333 1461 1336 1466 ·

121 1531 210 1574 amor
229 1519 259 1574 et
277 1511 437 1572 hnmanitas
455 1511 485 1571 in
504 1529 540 1572 eo
558 1509 720 1591 requiritur.
752 1507 812 1570 Neo
830 1507 881 1570 abs
900 1529 932 1571 re
952 1509 1019 1571 dicit
1037 1509 1170 1590 Solomn,
1190 1511 1258 1576 (ite-

119 1593 232 1656 mcotia
250 1591 368 1653 stabiliri
387 1591 500 1663 solium,
518 1588 606 1653 Prov.
627 1591 676 1662 16,
696 1593 744 1652 12.
1267 1664 1270 1670 1

182 1699 186 1709 ’
206 1677 235 1735 2.
254 1673 422 1732 Prudenter
441 1693 543 1754 egem.
581 1667 636 1730 ttie
655 1668 794 1748 siguificat
812 1667 908 1730 David
932 1669 1021 1752 probe
1045 1689 1077 1734 se
1096 1673 1258 1756 expendero

120 1769 214 1834 qnam
234 1751 348 1812 difficile
367 1750 420 1812 sibi
439 1769 512 1810 onus
531 1748 569 1810 sit
586 1749 628 1808 im
650 1751 754 1810 ositum
774 1747 823 1810 ubi
837 1747 902 1810 Rex
921 1757 1033 1812 creatus
1052 1760 1104 1814 est.
1122 1753 1260 1832 ,Scimus
1383 1801 1385 1810 ,

119 1840 153 1894 ct
178 1831 354 1913 experientis
376 1829 475 1904 docet,
504 1848 602 1890 omnes
625 1769 685 1890 lbre
702 1825 795 1910 Reges
819 1847 874 1890 suo
898 1829 1049 1911 splendore
1068 1852 1131 1894 esse
1149 1833 1258 1895 ebrios:

120 1929 178 1974 neo
203 1909 386 1993 proverbium
409 1907 480 1970 illud
502 1915 609 1970 temne
629 1907 698 1968 olim
721 1909 752 1968 in
772 1928 826 1968 usu
846 1909 908 1984 luit
926 1910 987 1971 Aut
1007 1909 1127 2008 Regem,
1145 1921 1197 1974 aut
1214 1914 1259 1974 ia-

121 1997 209 2052 tnnm
229 1983 357 2072 opor‘tuit
374 1989 462 2050 nasci.
496 1987 572 2052 Male
591 1987 707 2068 quidem
726 1988 1205 2070 interpretabantur,qu1o,seilicet
1224 2000 1259 2054 nt

146 2071 283 2137 tusimum
303 2069 443 2149 contingit
460 2087 510 2130 eos
530 2067 580 2163 qui
599 2085 694 2127 rernm
714 2067 877 2148 potiuntur,
901 2068 1004 2130 stultos
1023 2089 1086 2130 esse
1104 2079 1134 2132 et
1152 2070 1257 2134 fatuos.

121 2091 164 2209 bt
182 2155 261 2214 certe
279 2147 412 2212 notabilis
432 2155 476 2208 est
493 2145 551 2207 Des
569 2145 702 2218 vindicta,
721 2145 799 2226 quod
813 2145 928 2220 bestiae,
947 2153 977 2207 ct
995 2147 1103 2229 indigni
1122 2153 1174 2230 qui
1193 2147 1258 2212 cen·

123 2235 243 2290 namur
261 2227 292 2288 in
310 2227 460 2288 bominum
479 2245 608 2300 numero,
627 2243 739 2284 summa
758 2226 876 2318 imperia
889 2225 1084 2306 utplurimum
1103 2235 1257 2310 occupent:

123 2307 179 2368 sed
202 2311 335 2390 quamvis
354 2305 448 2388 Reges
471 2327 530 2367 non
553 2310 707 2366 nascautur
731 2303 824 2376 stultu,
855 2322 905 2364 ens
930 2311 1026 2366 tanscn
1050 2314 1185 2370 excaecat
1204 2326 1257 2370 sua
1355 2362 1356 2371 ,

125 2387 257 2469 dignitas,
276 2387 381 2468 nequid
400 2406 432 2448 se
451 2385 554 2448 debere
572 2383 698 2462 cogitent
717 2383 775 2442 suis
795 2381 923 2458 subditis,
941 2391 974 2444 ut
994 2405 1024 2446 se
1043 2387 1198 2448 insolenter
1216 2387 1257 2450 el·

123 2461 229 2542 lerant,
254 2487 352 2530 secum
376 2485 408 2528 se
427 2465 591 2546 demergant
614 2463 645 2523 iu
664 2481 731 2522 suns
750 2461 875 2538 delicias,
899 2463 1073 2545 tandemque
1092 2467 1138 2527 sui
1157 2466 1256 2530 oblivi-

123 2553 252 2608 scantur.
290 2545 449 2608 Prudenter
468 2564 537 2626 ergo
557 2561 589 2604 se
609 2549 749 2617 edurum,
768 2539 824 2615 vel,
844 2542 922 2622 qnod
932 2543 1007 2604 idem
1026 2546 1111 2620 valet,
1130 2566 1256 2608 summo·

122 2647 195 2710 pers
213 2633 355 2688 attentum
373 2627 437 2687 lore
455 2623 610 2706 praedicat:
635 2623 703 2703 quia
726 2640 791 2682 rara
814 2623 906 2682 virtus
925 2629 978 2697 est,
1003 2644 1070 2685 eum
1089 2627 1140 2704 qui
1160 2627 1257 2711 omnia

122 2713 231 2788 potest,
249 2707 290 2767 ita
309 2725 372 2766 esse
390 2711 612 2787 temperantem,
636 2707 670 2762 ut
688 2701 759 2762 nihil
782 2699 835 2762 sibi
855 2701 983 2765 licentiae
1002 2705 1156 2786 permittat.
1196 2703 1257 2784 Qui

122 2807 156 2848 cr
176 2807 194 2846 o
214 2805 326 2848 summo
346 2787 472 2867 imperio,
483 2783 638 2867 praeditus,
658 2802 716 2843 non
736 2787 827 2849 tentat
845 2782 921 2842 male
936 2783 1045 2864 agendo
1066 2786 1135 2865 quid
1155 2788 1257 2868 possit,

122 2885 138 2926 s
206 2867 332 2946 seipsum
359 2865 451 2926 frenat
475 2883 527 2926 sua
556 2862 709 2938 modestia,
738 2858 805 2922 v'era
831 2862 1016 2942 intelligentia
1039 2863 1183 2944 praeditus
1203 2873 1256 2926 est

122 2945 260 3084 Denique
282 2949 416 3020 testatur,
443 2965 475 3006 se
498 2943 561 3004 aliis
584 2939 710 3022 Regibus
733 2961 793 3002 non
817 2940 879 3003 iorc
903 2943 1024 3004 similem
1065 2964 1116 3005 uos
1135 2943 1257 3008 infatuat
1285 2965 1288 2970 ·

123 3045 178 3088 sua
224 3025 336 3106 'gnitosz
360 3024 411 3086 sed
434 3044 488 3108 pro
510 3021 703 3104 magnitudine
727 3021 820 3082 oneris
846 3041 943 3082 coram
962 3042 995 3084 se
1012 3023 1048 3083 ad
1070 3023 1204 3091 'bitonum
1222 3031 1271 3093 nt,

122 3104 315 3201 intelligenter
337 3122 441 3165 munus
464 3123 550 3166 snum
574 3099 697 3182 impleat.
737 3097 775 3162 Et
793 3102 951 3162 notandum
970 3103 1112 3184 estquod
1132 3105 1272 3186 prudcn·'

123 3186 195 3246 tiam
220 3205 250 3246 ru
275 3193 326 3246 utu
339 3187 485 3268 perfeeto,
509 3184 570 3242 sive
588 3177 755 3242 rectitudine
774 3183 882 3242 statuit.
921 3179 1004 3242 Unde
1024 3183 1194 3264 colligimus,
1213 3204 1255 3246 se-

123 3263 250 3326 cundom
269 3261 366 3326 Deum
385 3265 501 3324 minime
519 3279 618 3344 sapere
637 3268 775 3339 tyrannos
798 3260 848 3340 qui
867 3261 1013 3340 ingenium
1032 3281 1116 3323 suum
1136 3263 1172 3324 ad
1192 3283 1256 3345 pra·

123 3363 177 3404 vas
201 3345 318 3406 astutias
342 3343 507 3418 conterunt,
531 3359 621 3402 noves
645 3346 719 3400 artes
742 3339 870 3420 quotidie
893 3339 1038 3402 excudunt
1057 3343 1207 3404 onerandis
1226 3350 1257 3404 et

124 3423 277 3504 gravandis
305 3421 437 3484 subditis:
467 3423 589 3502 deniqne
618 3419 731 3482 nonnisi
759 3417 796 3478 ad
820 3418 980 3480 nocendum
1004 3423 1081 3482 acuti
1100 3429 1176 3485 sunt.
1216 3421 1258 3483 Ut

124 3503 190 3563 talis
212 3503 338 3582 vafrities
362 3503 459 3564 multis
484 3503 642 3582 displiceat,
666 3505 744 3560 certe
767 3497 839 3558 haec
857 3495 969 3580 Regum
994 3507 1126 3563 censetur
1148 3503 1257 3584 optima

122 3581 284 3664 prudentia,
303 3589 332 3644 et
350 3581 469 3644 summis
487 3579 618 3642 laudibus
627 3577 784 3652 extollitur,
803 3579 828 3638 si
848 3579 883 3638 ad
899 3581 1174 3666 propagandossuqs
1184 3581 1256 3643 lines

123 3661 183 3722 sint
205 3663 319 3736 attenti,
338 3669 368 3724 et
387 3663 534 3745 exquisitis
559 3660 645 3720 etiam
668 3657 792 3720 undem
811 3657 945 3739 polleant.
984 3661 1074 3744 Atqui
1093 3682 1151 3724 non
1171 3661 1257 3722 aliam
1351 3657 1354 3666 '

124 3740 179 3801 sibi
207 3741 387 3823 prudentiam
416 3743 525 3824 appetit
543 3739 640 3800 David
670 3757 757 3834 quam
782 3757 856 3817 qnae
881 3739 926 3799 sit
941 3739 1086 3821 integritas
1111 3743 1254 3824 magistra.

121 3823 228 3884 Donec
255 3831 364 3884 emtus.
407 3820 526 3904 Duplex
554 3826 598 3880 eet
626 3819 723 3879 lectio:
753 3817 869 3897 quidam
899 3819 1005 3880 interro
1025 3823 1100 3882 ative
1130 3827 1275 3897 vertunt·

123 3897 251 3980 Quando
271 3901 388 3962 venies?
407 3903 465 3963 acsi
483 3905 594 3982 peteret
603 3897 697 3958 David
718 3917 776 3956 non
795 3916 827 3956 se
846 3897 951 3958 differri
970 3843 1175 3981 iniungiorem
1194 3919 1255 3962 mo·
1313 3929 1317 3948 ·

122 3999 195 4040 ram.
234 3975 273 4040 Et
296 3989 372 4042 certe
395 3983 470 4042 iusta
494 3981 522 4040 ei
545 3978 675 4059 gemendi
699 3983 730 4039 et
753 3997 790 4037 ex
811 3977 952 4039 ustulandi
976 3979 1029 4040 tuit
1052 3981 1134 4055 ratio,
1185 4000 1255 4041 uum
1334 4010 1339 4021 ¹

121 4059 233 4120 tamdiu
257 4079 288 4122 se
307 4061 404 4142 iuopia
422 4060 513 4143 premi
536 4063 567 4118 et
584 4061 687 4120 misere
711 4075 763 4139 per
788 3998 900 4118 liversa
917 4059 1002 4120 exilia
1020 4060 1118 4120 iactari
1137 4001 1255 4122 vilerot.

121 4137 289 4202 Praestabat
312 4143 404 4216 enim,
429 4146 462 4202 nt
484 4145 551 4200 ante
574 4136 661 4198 bomo
687 4137 837 4218 pecuarius
855 4137 957 4214 luerat,
980 4139 1134 4220 ignobilem
1154 4139 1256 4222 degero

120 4221 152 4280 in
172 4221 288 4302 tugurio
309 4221 408 4302 putris,
428 4237 515 4306 quam
534 4217 564 4277 in
573 4215 681 4298 Regem
691 4219 768 4299 ungi,
787 4219 1074 4298 utapatn'aeiectns,
1092 4218 1123 4279 in
1141 4219 1255 4282 'summo

121 4299 262 4362 dedecore
282 4307 312 4361 et
331 4299 396 4361 odio
407 4305 511 4380 ageret
541 4295 604 4377 Ego
623 4305 720 4358 tamen
739 4298 799 4358 sine
818 4296 923 4358 interro
942 4297 1037 4359 stione
1056 4297 1149 4378 legere
1168 4301 1255 4374 malo,

121 4381 298 4461 usquedum,
322 4381 369 4442 vel
393 4377 518 4462 quando,
538 4377 617 4458 quod
635 4384 732 4474 nmen
755 4379 850 4460 ipsum
872 4397 961 4523 pawn
985 4377 1066 4442 aliter
1084 4381 1256 4464 intetpretm

144 4477 252 4521 Calvinus
264 4479 287 4522 in
301 4480 380 4523 Postu.
393 4479 454 4522 Tum.
469 4477 499 4520 11.
671 4489 674 4494 ·
