2890 4886
567 264 890 309 rreusuuscur.
1249 269 1305 326 21³

166 381 272 444 dabilis
287 383 376 462 ullor,
396 386 446 466 qul
464 379 584 448 Pub-dm
603 385 706 449 dedcla
724 387 815 450 seties
832 389 863 452 iu
882 389 976 450 sinum
993 389 1129 451 liliorum.
1168 389 1228 451 Sed
1242 391 1301 453 Da·

165 463 215 522 vid
245 464 358 524 omissis
380 465 541 540 incredulis,
561 466 664 547 quibus
688 467 825 528 incumbit
849 471 965 530 seturna
994 477 1033 530 el
1050 469 1235 548 implacabilis
1258 473 1302 532 ira

164 541 232 617 Dei,
252 543 346 619 docet,
365 562 452 624 quam
478 547 597 606 comiter
619 546 765 626 indulgeat
787 547 854 608 liliis
873 550 946 630 nuiss
970 549 1045 610 sicut
1068 551 1154 609 stium
1173 551 1303 631 loquitur

163 620 246 682 Deus
263 623 327 704 ipse
344 623 422 704 apud
440 622 510 684 lesa.
530 625 579 699 el,
599 627 626 689 8.
646 625 679 685 Ιιι
700 634 846 696 momento
865 629 1000 710 castigari
1013 634 1054 688 lc:
1073 628 1302 690 miserationibus

163 708 261 762 autem
281 705 403 764 aeternis
422 709 452 763 te
471 714 635 786 prosequar.
665 704 869 785 Experimento
888 707 989 768 duodo
1008 708 1055 768 uei
1074 701 1178 768 ellectu
1198 708 1301 790 probat
1433 708 1435 714 '

70 841 83 850 ,
164 777 354 862 quud'dixii‚'
375 785 442 863 qula
465 785 578 844 nonnisi
604 786 675 845 nliru
694 782 751 846 Dei
777 786 925 870 lolcrsnlis
949 787 1035 869 salvi,
1059 785 1197 848 bactenm
1216 795 1302 849 sicto-

162 866 230 921 rant
248 861 400 936 israelitae,
419 863 537 942 perinde
556 864 738 940 nasidioeret,
758 863 909 926 Examinet
922 868 1046 947 quisque
1059 875 1189 928 nostrum
1209 869 1299 928 uitam

127 987 129 998 ,
163 954 260 1000 suanm
279 949 352 1022 qsrot
371 942 463 1004 modis
502 945 702 1019 invocavimus
717 945 788 1004 iram
798 942 873 1007 Deli
891 947 951 1006 imo
971 946 1082 1006 assidue
1093 965 1299 1027 provocemusr

162 1021 226 1100 ipsc
250 1039 320 1081 vcro
339 1040 398 1083 nou
421 1041 450 1082 m
490 1042 508 1081 o
533 1022 585 1082 sibi
606 1042 624 1087 a
647 1025 746 1104 p'oenb
765 1029 913 1107 temperet,
932 1025 983 1087 sed
1003 1023 1123 1107 benigne
1141 1027 1228 1092 soen
1247 1026 1300 1086 alit

162 1119 238 1180 quos
256 1103 359 1161 merito
378 1101 497 1181 pudere
515 1105 635 1182 poterat.
763 1173 765 1180 Ι

244 1185 292 1242 11.
313 1187 394 1256 Quia
412 1183 570 1242 secundum
588 1184 783 1244 ebitudinem·
808 1182 1003 1246 claritudine
1022 1184 1180 1260 confirmat,
1199 1183 1297 1246 Deum

161 1255 262 1320 fideles
280 1259 355 1322 suos
368 1279 427 1321 non
446 1261 545 1322 ulcisci
564 1265 597 1323 ul
615 1263 708 1322 meriti
727 1268 802 1336 sunt,
822 1263 873 1323 scd
886 1263 1036 1326 clernentiu
1048 1283 1177 1326 succum
1195 1283 1297 1326 corum

161 1337 309 1400 mslelicils
332 1347 448 1438 artare.
482 1337 581 1438 'Porro
604 1341 874 1440 tantundem‘v'alet
897 1344 1027 1424 loquudo
1051 1346 1298 1440 acsi-immensam
1320 1378 1340 1433 Χι

161 1436 235 1574 rs
248 1419 1296 1583 ιι.ιιιιιιιιιιιιῑιιιιιιιι..ι-ἰιιιιιιῑ

161 1580 297 1640 mensitas
315 1580 524 1640 misericordiae
543 1581 643 1642 mundi
661 1581 840 1662 smpliludini
857 1600 893 1641 co
925 1587 1010 1644 ertur.
1031 1579 1107 1660 Quia
1126 1587 1221 1642 aulem
1237 1579 1296 1642 Dei

160 1659 368 1720 misericordiae
387 1658 424 1718 ad
442 1679 497 1724 nos
516 1655 608 1742 nique
626 1680 686 1721 non
704 1666 815 1740 pateret
833 1678 977 1733 accessus,
995 1663 1049 1722 nisi
1059 1661 1180 1722 sublatio
1200 1668 1297 1721 mulus

160 1737 325 1815 obstaculo,
354 1740 490 1800 contiuuo
510 1749 576 1824 post
594 1737 682 1814 addis,
710 1739 807 1801 Deum
830 1747 891 1800 lam
914 1740 1015 1821 procul
1039 1739 1152 1820 abigere
1176 1739 1296 1801 anobis

133 1826 287 1958 ‘fecem
312 1837 399 1898 qnam
424 1819 509 1916 longe
533 1818 743 1916 distat0u'cns
767 1819 804 1916 sb
824 1819 946 1880 Occasu.
987 1819 1107 1880 Summa
1131 1828 1184 1895 est,
1207 1821 1295 1900 louge

158 1905 277 2053 ιὲῗῗὲ,
294 1896 1033 2060 13111.ἳιιιῖ’13;“ῑ.ῗι“ιῗ.ιῖῐῑι“ιὲῗιί.τ
1044 1898 1296 2061 baltici:

161 2056 322 2118 ΟοιιΙίιιιιιι
340 2064 437 2118 sulem
457 2058 534 2136 quod
554 2077 646 2138 nuper
665 2057 734 2132 dixi,
752 2077 813 2118 nou
824 2060 991 2138 generaliter
1009 2063 1180 2134 retractare,
1220 2059 1296 2119 ualis

158 2155 228 2218 erga
244 2144 340 2199 toturn
358 2137 498 2200 mundum
517 2139 556 2200 sit
564 2137 655 2213 Deo,
675 2137 725 2197 sed
744 2137 898 2216 qualemss
917 2137 1188 2218 fidelibuspracstct.
1236 2138 1292 2200 nde

158 2219 246 2278 ctiam
264 2226 382 2301 opparct
401 2237 459 2280 non
479 2217 526 2276 hic
545 2219 590 2300 agi
611 2217 647 2277 de
666 2216 857 2294 misericordia
876 2234 933 2295 qua
952 2234 1005 2277 nos
1019 2218 1100 2278 initio
1119 2217 1173 2278 sibi
1191 2237 1291 2278 recum

159 2297 252 2372 ciliat,
278 2297 328 2358 scd
352 2315 409 2379 qua
433 2297 545 2358 assidue
569 2297 753 2377 prosequitur
774 2313 848 2376 quos
868 2301 987 2376 paterno
1006 2315 1103 2356 amore
1122 2297 1291 2378 compleres
1376 2291 1381 2311 “

159 2384 213 2451 cst,
223 2397 278 2439 uns
288 2379 363 2438 enim
373 2379 481 2457 specics
490 2375 698 2438 misericordiae
709 2383 753 2436 est
762 2393 820 2455 qua
829 2381 1011 2435 nossmorte
1020 2377 1182 2438 restitnitin
1190 2379 1289 2451 vitum,

60 2525 64 2537 ¹
159 2457 229 2518 dom
247 2457 341 2518 adbuc
359 2476 459 2516 sumus
478 2456 515 2517 ab
533 2475 570 2516 eo
590 2455 685 2516 alieni:
705 2456 803 2528 altera,
822 2473 881 2535 qus
894 2473 948 2514 nos
958 2455 1087 2526 sustinet¹
1107 2456 1174 2536 qnia
1193 2457 1289 2518 statim
1319 2507 1321 2518 .
1342 2514 1346 2524 ,

157 2538 431 2617 evanmccsetgralia
439 2533 556 2613 ills,nisi
566 2554 629 2596 eam
639 2535 805 2616 quotidiana
815 2535 897 2596 venia
907 2535 1034 2595 sanciret
1045 2531 1127 2594 Unde
1135 2536 1221 2598 eliam
1232 2535 1291 2596 col·

93 2686 98 2694 f
156 2618 271 2698 ligimus
295 2635 382 2701 quam
405 2634 499 2678 crasse
523 2617 662 2695 ineptiant
680 2611 826 2754 Ριὲιιιιίιιιο,
846 2613 916 2676 ι1ιιιιι
933 2615 1086 2696 gratuitam
1104 2621 1290 2696 peccatorum

156 2699 351 2760 remissionem
375 2696 463 2757 sunuel
486 2702 599 2756 tautum
622 2694 684 2755 dari
748 2701 832 2775 gnus:
855 2699 955 2774 postea
973 2700 1070 2755 sutem
1088 2695 1223 2754 iustitiam
1241 2713 1291 2754 au.

157 2779 243 2860 quiri,
261 2778 307 2838 rel
316 2777 432 2838 retineri
451 2777 513 2835 eius
531 2775 775 2856 paucissumis
813 2793 877 2834 runs
892 2773 1013 2834 meritis:
1033 2774 1081 2854 qui
1140 2773 1169 2834 id
1186 2773 1233 2834 cul
1271 2793 1288 2836 e

157 2857 344 2929 contrabitur,
370 2853 607 2916 satisfactionibus
630 2853 738 2914 redimi.
807 2849 917 2914 idemus
940 2857 1035 2913 sutem
1059 2859 1092 2913 ul
1146 2853 1211 2914 nrid
1260 2855 1289 2914 ei

156 2937 378 3000 misericordiam
398 2953 456 3015 qus
475 2933 529 2995 sibi
547 2953 600 2995 uos
618 2933 795 3008 reconciliat,
818 2938 935 3014 peccate
953 2951 1013 2994 non
1032 2932 1208 3015 imputando,
1226 2951 1288 2994 non

155 3017 283 3078 iucludet
307 3021 413 3097 pundo
432 3015 582 3096 temporis,
605 3012 656 3072 sed
673 3013 809 3074 extendat
826 3031 918 3093 usque
936 3011 974 3073 sd
991 3013 1070 3074 vitas
1086 3011 1182 3074 linem.
1221 3011 1288 3074 Nou

155 3099 251 3160 minus
270 3097 355 3158 etiam
373 3093 467 3155 valide
485 3093 588 3154 relellit
605 3091 653 3152 hic
672 3089 754 3154 locus
773 3091 921 3166 enecas,
940 3092 991 3172 qni
1010 3093 1161 3154 socialius
1179 3110 1286 3153 resana
1419 3149 1427 3166 ,

155 3177 300 3260 perlectae
317 3176 438 3238 iustiliae
457 3173 590 3257 opinione
602 3170 750 3249 induant,
768 3177 801 3232 ol
819 3171 941 3255 amplius
958 3191 1019 3232 non
1036 3171 1181 3253 indigeant
1193 3173 1291 3235 venu-

209 3395 212 3406 ·
245 3377 299 3446 13.
321 3375 412 3447 Sicut
432 3372 609 3444 misericors
632 3383 682 3442 est
703 3381 792 3468 pater
814 3395 887 3466 erga
907 3371 1005 3458 lilios,
1027 3371 1206 3450 misericors
1228 3371 1287 3440 luit

154 3481 274 3554 lebovc
295 3508 367 3575 erga
388 3482 536 3551 dmenoes
556 3504 602 3550 se.
648 3474 701 3548 14.
724 3479 807 3566 Quia
827 3477 896 3570 ipse
917 3479 1078 3574 cognoscit
1100 3479 1294 3570 lrgrnenlunr

154 3599 310 3672 nostrum,
331 3577 510 3658 reeomssu's
532 3598 581 3658 est
603 3587 691 3680 quod
711 3585 816 3678 pulvis
837 3607 958 3654 sumus.
993 3585 1045 3653 15.
1068 3584 1176 3688 Homo
1198 3583 1286 3675 quasi
1364 3649 1372 3656 ,

153 3695 271 3764 herbae
293 3693 359 3764 dies
381 3695 464 3778 cius,
493 3691 582 3786 quasi
603 3693 663 3761 llos
690 3691 771 3786 agri,
798 3691 844 3760 sic
864 3692 965 3760 lloret
1010 3691 1064 3759 16.
1086 3689 1150 3758 Ubi
1171 3698 1287 3757 ventus

155 3800 312 3871 transierit
337 3823 548 3892 supereum,
572 3809 650 3868 tunc
670 3820 738 3866 non
759 3796 831 3883 erit,
852 3819 913 3866 nec
933 3805 1103 3892 cognoscet
1123 3817 1199 3865 eum
1220 3817 1287 3862 om·

152 3907 238 4001 plius
258 3907 348 3976 locus
369 3908 447 3976 eius.
596 3984 602 3994 Ι
1134 3992 1139 4001 x

235 4054 282 4115 13.
303 4055 386 4113 Sicut
410 4057 585 4112 misericors
628 4047 695 4112 Non
718 4054 831 4110 mulum
855 4047 1036 4110 similitudine
1059 4047 1183 4128 explicat
1207 4041 1286 4126 qnod

153 4131 235 4205 dixis,
254 4129 305 4192 scd
323 4131 409 4192 simul
426 4135 507 4190 uolut
525 4147 640 4189 causam
665 4147 717 4190 cur
735 4136 796 4190 tum
819 4128 940 4208 benigne
961 4131 1091 4210 ignoscat
1108 4127 1198 4200 Deos,
1218 4127 1285 4205 quia

151 4211 259 4272 scilicm
275 4221 364 4306 paler
382 4215 434 4270 est„
473 4207 604 4268 Gratuita
622 4207 844 4306 igituradoptio
863 4205 960 4306 Deum
978 4207 1101 4290 peccatis
1119 4206 1223 4268 nostris
1243 4225 1286 4264 as·

152 4291 234 4354 sidae
253 4311 307 4372 pro
326 4292 398 4351 ilrat.
437 4286 562 4368 Ideoque
581 4309 619 4348 ex
637 4288 687 4349 rllo
706 4286 788 4348 ionia
805 4307 871 4368 spes
889 4306 989 4349 reorae
1007 4285 1130 4367 peteuda
1149 4291 1202 4346 esi.
1226 4283 1288 4347 lum

151 4389 244 4454 qaum
262 4391 283 4433 n
327 4391 360 4432 ns
379 4387 432 4431 suo
451 4369 553 4430 merito
571 4367 725 4448 adnuimus,
740 4367 838 4443 luerit,
856 4369 984 4448 seqnim
996 4367 1082 4448 gratis
1096 4365 1202 4428 remitti
1220 4383 1287 4446 pec·
