2862 4888
489 301 531 342 as·
561 301 718 343 rosas.
747 301 875 373 sxxrru.
1211 305 1246 362 52

200 423 258 492 67.
279 421 323 491 Et
337 419 518 513 reprobavit
532 417 767 490 tabernaculum
778 417 903 512 loseph,
925 429 957 488 et
967 419 1083 490 tribum
1094 421 1246 515 Ephraim

105 553 174 596 non
201 529 307 620 elegit.
341 529 395 595 68.
418 525 483 594 Sed
505 527 597 620 elegit
617 527 733 592 tribum
744 525 871 606 lehoda,
894 536 1034 593 montem
1047 527 1126 596 Sion
1149 551 1246 622 quem

107 635 238 706 dilexio
262 635 316 704 69.
337 633 381 704 Et
393 630 548 703 exstmxit
570 631 659 724 quasi
682 629 1034 712 excelstanctuarium
1057 633 1134 717 eius,
1157 639 1247 728 quasi

105 754 226 810 terrm
249 765 349 834 quam
370 739 513 808 fundavit
533 739 565 806 iu
586 732 739 808 seculum
769 738 820 804 70.
842 735 886 805 Et
901 735 993 827 elegit
1004 737 1107 808 David
1117 763 1247 814 servum

105 871 216 932 ornan,
239 859 275 916 et
296 845 467 938 assumpsit
488 867 562 912 eum
584 865 604 912 e
624 843 720 912 caulis
743 844 862 910 ovium.
896 844 949 910 71.
972 843 1000 908 Α
1022 853 1111 935 tergo
1133 845 1247 917 lactab-

105 955 189 1022 tium
214 951 387 1044 assumpsit
409 974 499 1038 eum,
526 959 562 1016 ut
583 959 723 1039 pasceret
744 949 777 1016 in
799 947 890 1016 Iacob
913 949 1032 1042 populo
1055 973 1130 1038 suo,
1158 965 1190 1022 et
1211 953 1245 1022 in

105 1059 227 1128 isratile
250 1057 450 1126 haeredidate
470 1053 541 1125 suar
565 1056 617 1122 72.
632 1055 682 1134 Et
703 1055 790 1146 pavit
810 1055 921 1124 cosin
944 1055 1118 1146 integritate
1139 1060 1245 1132 cordis

105 1167 167 1250 sui,
193 1175 228 1235 et
249 1166 283 1232 in
306 1163 469 1258 prudentia
491 1185 643 1228 manuum
665 1183 793 1264 suarum
815 1159 946 1228 deduxit
968 1184 1033 1230 eos.
1186 1179 1188 1186 ·

189 1295 240 1358 67.
270 1293 312 1353 Et
330 1292 505 1372 reprobavit.
545 1285 605 1368 Qui
628 1294 731 1370 putant
750 1285 890 1350 hmilitas
909 1309 1002 1371 nuper
1020 1299 1138 1354 vocatos
1156 1289 1244 1356 inisse

105 1373 208 1434 hostes
228 1371 303 1444 Dei,
331 1376 487 1432 contexunt
511 1366 565 1430 bos
585 1387 683 1428 versus
706 1368 764 1429 acsi
790 1363 895 1430 discret
918 1367 1065 1451 Propheta
1089 1373 1244 1439 incurabile
1352 1435 1355 1450 ,

106 1454 198 1514 inisse
219 1452 301 1532 quod
324 1451 380 1509 iltis
402 1449 504 1508 solnm
524 1447 603 1508 Deus
627 1448 739 1508 iuiiisit.
778 1445 841 1528 Ego
859 1467 945 1522 vero,
974 1453 1024 1531 qui
1048 1453 1076 1512 in
1101 1453 1244 1516 diversam

107 1535 282 1592 sententiam
307 1530 397 1610 mapa
420 1529 539 1602 inclino,
566 1547 670 1609 nempe
693 1524 743 1588 ubi
766 1523 979 1590 Deus'duriter
1007 1530 1153 1594 mulctavit
1177 1531 1251 1606 Phi·¹

106 1613 237 1684 marm,
267 1609 361 1689 palam
387 1608 486 1670 iecisse
509 1627 569 1668 non
593 1627 655 1668 esse
680 1607 791 1667 irritum
814 1605 915 1668 foedus
934 1628 1018 1669 suum
1038 1628 1104 1670 cum
1125 1613 1245 1693 populo,

108 1693 190 1752 onina
220 1696 284 1750 tana
307 1707 424 1764 severus
443 1693 504 1747 erat
522 1686 639 1746 under:
664 1687 759 1768 potius
783 1688 956 1768 interpretor
979 1691 1161 1750 correctionis
1182 1695 1244 1754 vice

107 1771 165 1831 boc
183 1769 276 1830 inisse
294 1769 432 1840 additam,
450 1767 507 1828 acsi
522 1766 638 1826 dixisset
648 1763 791 1845 Propheta
805 1786 863 1828 uon
879 1766 967 1828 fuisse
985 1767 1132 1848 placatum,
1148 1772 1243 1853 impiis

110 1847 307 1910 defectoribus
333 1848 402 1927 quin
422 1865 578 1928 poenarum
598 1845 734 1924 reliquiae
753 1851 906 1906 exdarent.
945 1845 1024 1909 Haec
1048 1849 1147 1930 igitur,
1175 1873 1242 1914 meo

109 1929 231 2002 indicio,
260 1933 415 1988 contextus
443 1927 517 1989 ratio
540 1931 599 1998 est,
630 1923 728 2002 Quum
751 1944 769 1985 a
794 1922 951 1992 Philistinis
974 1931 1057 2008 capta
1080 1925 1135 1990 suit
1158 1931 1244 2006 Arca,

110 2007 207 2070 om
228 2004 442 2086 quodammodo
460 2005 546 2066 tuisse
565 2005 705 2086 sopitum,
729 2005 797 2085 qnia
820 2005 919 2086 populi
943 2008 1065 2086 peccatis
1090 2007 1243 2072 iachdatur

111 2087 214 2162 iuuat,
234 2105 273 2146 ne
292 2085 328 2144 ad
347 2085 430 2146 ilium
447 2083 584 2156 turudum
599 2103 653 2144 auo
668 2103 747 2144 more
763 2083 896 2167 excubiam
911 2092 1020 2163 ageret:
1039 2106 1133 2166 neque
1147 2094 1243 2150 umen
1359 2117 1361 2125 ι

113 2167 161 2226 din
185 2165 366 2245 obtorpuisse
390 2165 420 2222 in
443 2182 558 2238 murno,
587 2161 636 2222 sed
660 2183 750 2243 quum
769 2183 837 2242 gens
856 2163 976 2243 prolana
995 2165 1055 2226 eins
1075 2168 1182 2246 gloriae
1201 2171 1244 2230 iu·
1330 2229 1338 2246 ,

113 2246 244 2317 suum,
264 2252 324 2304 tam
343 2243 433 2302 atroci
451 2243 552 2305 iniuria
570 2242 656 2302 iuissc
676 2247 867 2316 commotum,
891 2241 1008 2322 perinde
1028 2247 1085 2304 acsi
1106 2245 1193 2328 Gigas
1212 2249 1244 2310 in

116 2324 207 2386 neda
228 2322 349 2402 crapula
376 2320 591 2401 expergefieratr
621 2339 714 2400 neque
737 2326 833 2380 tamen
852 2319 892 2380 sic
910 2319 997 2381 tuisse
1016 2335 1193 2386 commotum
1212 2329 1243 2388 in

113 2410 225 2484 gentem
243 2403 393 2483 profanent
414 2407 444 2460 et
466 2401 703 2472 insusurrabant,
733 2399 803 2480 quin
827 2399 908 2478 signa
933 2399 1029 2480 abque
1052 2406 1243 2486 castigationis
1292 2406 1294 2414 ’

112 2487 140 2545 in
157 2483 281 2561 scelesto
301 2487 331 2540 et
349 2482 459 2561 ingrato
479 2479 586 2560 populo
606 2479 694 2540 lsratil
713 2498 804 2560 usque
822 2475 959 2552 inlicem
984 2487 1137 2542 exstarent.
1176 2483 1243 2546 Huc

114 2563 203 2624 tendit
220 2559 386 2642 reprobatio
405 2559 440 2621 de
460 2577 517 2640 qua
535 2579 612 2620 nunc
630 2559 767 2638 loquitur,
785 2559 912 2639 privatos
931 2558 1018 2618 tuisse
1029 2558 1169 2629 israelitas
1188 2564 1243 2624 ho·

109 2644 189 2704 noris
209 2640 359 2733 priritepio
384 2658 443 2720 qno
466 2645 532 2700 ante
552 2637 632 2700 Deus
655 2639 732 2718 ipsos
752 2643 918 2710 ornaverat,
947 2637 1014 2698 dom
1039 2659 1136 2702 arcam
1159 2661 1242 2704 suam

110 2722 166 2782 atio
182 2718 440 2780 hanstcrrrvoluit.
459 2716 528 2777 Duo
541 2719 627 2798 igitur
640 2719 732 2797 capita
752 2717 798 2778 hic
816 2715 940 2778 notanda
960 2723 1036 2790 suut,
1056 2739 1145 2800 quum
1165 2725 1243 2804 turpi

109 2802 207 2862 dcere
225 2799 353 2880 percussi
372 2803 439 2858 sont
457 2794 613 2874 Philistioi,
637 2797 714 2856 claro
734 2797 905 2858 documento
925 2816 940 2857 a
964 2797 1103 2878 paruisse,
1127 2804 1259 2863 nonnid
1332 2830 1339 2850 ι

108 2879 177 2942 Deo
196 2879 327 2952 volente,
349 2875 487 2938 israelitas
510 2875 597 2937 iubae
619 2874 655 2936 ab
681 2875 736 2936 iltis
761 2876 896 2938 devictos.
936 2819 1036 2958 deque
1054 2881 1130 2940 enim
1150 2901 1241 2944 novas

110 2955 1155 3098 &abstititt⁰¹rt¹⁰ti¹¹tet⁰tttt¹¹ttt,titt
1168 2967 1243 3100 i⁰⁸t

109 3057 247 3183 hlaib
265 3121 352 3198 caput
370 3073 423 3188 esi,
442 3055 572 3195 &mvii
588 3113 668 3176 Deus
687 3133 805 3178 manum
823 3116 979 3176 exseruerit
998 3059 1104 3202 contrb⁸
1116 3057 1240 3184 tlitlisll

108 3219 181 3272 nos,
205 3205 240 3258 nt
258 3215 289 3258 se
308 3195 404 3276 aliqua
423 3193 543 3255 toederis
562 3195 607 3254 sui
625 3196 761 3256 memoria
786 3201 816 3256 et
833 3193 916 3256 electi
935 3216 972 3276 po
994 3195 1035 3256 uli
1054 3216 1122 3258 cura
1140 3197 1242 3276 iadhuc

110 3278 191 3359 tangi
231 3275 357 3348 roboret,
380 3295 441 3334 nou
466 3279 561 3336 umen
584 3275 625 3333 sic
643 3275 799 3334 restituisse
817 3294 856 3354 po
878 3273 957 3334 ulum
973 3215 1078 3348 iarael,
1103 3281 1173 3372 (puin
1193 3280 1241 3340 de·

110 3297 273 3420 mathita
287 3361 456 3436 perpetuum
470 3356 529 3414 irae
548 3372 615 3414 suae
634 3355 840 3414 monimentum
847 3295 941 3414 *ioret
962 3351 1137 3435 Reprobavrt
1154 3359 1241 3439 igitur

111 3436 219 3498 hibnnr
238 3433 385 3516 Ephraim,
404 3454 462 3494 non
481 3431 559 3514 quod
578 3451 628 3493 eos
650 3432 823 3494 abdicaverit
845 3433 875 3492 in
895 3439 1002 3508 totum,
1026 3435 1072 3498 vel
1091 3435 1242 3498 absciderit

112 3536 130 3576 a
153 3516 267 3595 reliquo
285 3511 430 3574 Ecclesiae
452 3531 587 3592 corpore,
616 3513 666 3572 sed
690 3517 757 3594 quia
781 3511 902 3593 emplius
926 3513 1018 3576 noluit
1041 3515 1164 3578 residere
1182 3517 1241 3577 illic

112 3595 219 3656 Arcam
238 3612 329 3654 suam.
353 3589 428 3652 Nam
446 3591 531 3652 tribui
550 3589 683 3670 Ephraim
704 3596 858 3675 opponitur
876 3593 965 3654 tribus
984 3593 1100 3668 lehuda,
1119 3596 1167 3655 ubi
1188 3595 1240 3656 sibi

113 3674 289 3736 domicilium
317 3679 418 3753 postea
446 3671 530 3751 elegit
553 3669 641 3732 Deus.
680 3671 745 3734 Hoc
767 3671 854 3732 modo
878 3671 978 3752 incipit
1002 3673 1150 3734 ostendere
1168 3673 1240 3734 Pro·

113 3753 210 3835 pheta,
228 3753 415 3834 quumstatio
435 3750 499 3810 data
518 3749 573 3810 tuit
581 3753 675 3812 Areae
693 3753 813 3812 foederis
833 3753 861 3812 in
882 3759 980 3812 monte
1000 3751 1082 3829 Sion,
1102 3754 1239 3834 quodam·

113 3833 199 3894 modo
219 3838 388 3892 mnoratom
410 3829 496 3890 tuisse
518 3831 670 3911 populum:
694 3839 722 3892 ct
747 3832 815 3892 dato
837 3831 1072 3893 reconciliationis
1096 3831 1239 3912 symbolo,

113 3915 142 3972 in
162 3913 283 3994 gratiam
304 3911 379 3972 unde
398 3909 549 3982 exciderat,
569 3911 742 3989 postliminio
752 3912 875 3972 rediisse.
896 3909 1130 4008 hratiitasenim,
1149 3933 1239 4008 quam

112 3989 649 4146 itt‘tttttittittttit
668 3991 1239 4151 {titt,ttttt'ttittttt

112 4157 144 4212 nt
168 4170 238 4233 praa
262 4149 376 4210 fastidio
396 4149 496 4228 prioris
516 4149 647 4210 domicilii
666 4149 716 4210 ads
737 4157 832 4210 ectum
851 4171 909 4210 non
928 4150 1022 4212 serrat.
1061 4147 1122 4210 Etsi
1142 4157 1239 4212 sutem

112 4239 177 4312 post
202 4231 358 4292 divortium
382 4229 451 4290 iilud
474 4229 546 4309 (quo
571 4230 660 4310 magis
684 4172 802 4291 subicite
826 4230 880 4290 sibi
903 4233 933 4292 in
957 4237 1103 4312 posterum
1125 4237 1241 4294 caveret

111 4309 251 4394 populns)
269 4329 329 4372 non
348 4309 403 4372 tuit
420 4310 530 4392 integra
549 4309 695 4390 solidaque
714 4310 893 4374 hstaurrtioa
918 4329 978 4372 non
996 4309 1120 4392 vulgaris
1143 4319 1241 4376 tamen
