2874 4888
98 345 102 360 ¹
192 337 244 396 116
611 333 628 374 ι.
655 329 896 412 convenius

187 465 262 522 oser
285 465 415 521 mortona
435 473 551 538 quoquc
570 441 632 516 esee
652 453 705 514 rob
725 452 815 514 tutele
833 449 901 524 Del,
919 451 1055 530 inprime
1074 456 1171 512 tamen
1190 451 1322 512 tristitiae

188 543 298 619 impetu
317 559 377 598 nou
397 546 455 596 tam
476 536 632 672 composite
651 535 787 614 loquutus
797 537 851 591 'esi
867 537 900 592 ut
910 529 1040 596 decebat:
1061 531 1128 610 quin
1148 531 1339 590 eunonium

145 667 150 682 ,
187 625 247 678 crat
266 619 361 676 lumen
381 616 456 689 fidei,
476 635 534 694 quc
574 615 668 674 stetim
687 613 813 684 emicuita
832 617 865 670 ut
883 610 1050 670 videbimus.
1085 608 1124 668 Et
1143 609 1199 670 boe
1218 618 1322 670 uolatu

186 697 215 757 iu
241 698 339 777 primis
364 698 434 757 utile
458 702 515 769 est,
537 707 579 754 ne
600 694 626 754 ei
646 693 821 756 ,tentationes
844 709 898 751 nor
918 689 1074 766 debilitent,
1093 691 1203 753 mimos
1222 697 1321 750 mosen

148 851 152 862 .
187 776 423 856 despondeamus.

276 921 307 988 7.
330 919 466 986 Posuisti
484 935 540 986 'me
562 920 595 986 io
608 919 698 988 lovea
720 917 838 1000 infima,
858 917 892 984 in
908 915 1093 1000 tenebrosis,
1116 913 1320 1006 inprolundi-

187 1028 316 1096 tatibusr
359 1028 390 1094 8.
413 1025 518 1116 Super
537 1049 591 1092 me
613 1024 753 1092 incubuit
774 1023 944 1114 indignatio
965 1033 1029 1106 tua,
1051 1033 1085 1090 et
1106 1017 1321 1088 omoib'usllu-

186 1133 286 1202 ctibos
303 1132 365 1200 tois
381 1131 514 1198 alilixisti
533 1153 594 1198 me.
616 1128 723 1220 Selah.
768 1130 798 1196 9.
821 1127 996 1195 Removisti
1011 1129 1107 1194 botos
1125 1151 1319 1210 meesomc,

186 1239 319 1327 posuisti
341 1261 393 1303 me
414 1221 669 1304 abominationes
680 1235 754 1302 illis:
777 1233 945 1302 conclusus
961 1245 1156 1302 sumutnoo
1169 1233 1318 1324 egredior.

189 1347 239 1409 10.
267 1341 386 1409 Oculus
412 1363 503 1408 meus
531 1341 617 1409 dolet
646 1365 722 1431 prae
753 1341 920 1408 afflictione
953 1363 1039 1408 moa:
1072 1339 1188 1406 invoco
1214 1350 1247 1406 te
1274 1339 1321 1406 le·

185 1450 267 1514 hova
291 1447 445 1538 quotidie,
469 1447 614 1537 expande
637 1431 676 1512 ad
696 1455 729 1514 te
750 1469 864 1546 manus
885 1469 982 1514 meas.

177 1625 185 1642 ,
264 1566 292 1628 7.
315 1570 450 1626 Posuisti
468 1588 521 1625 me.
561 1563 620 1624 lam
641 1564 833 1626 distinctiora
874 1565 955 1636 cecil,
974 1563 1110 1643 quiequid
1133 1563 1239 1643 patitur
1258 1581 1316 1622 ma·

183 1646 286 1718 lorum,
306 1665 343 1704 ex
364 1645 524 1704 tietmaro
565 1643 703 1713 reiectum
723 1663 795 1704 esse.
859 1663 891 1702 ec
911 1644 1149 1723 veroquisquam
1170 1645 1244 1704 serio
1265 1663 1314 1724 pe·

183 1725 259 1785 tendi
280 1724 397 1784 remedii
415 1665 562 1786 censa.od
571 1721 665 1784 Deum
686 1723 840 1806 confugiet,
863 1724 916 1784 nisi
937 1724 986 1802 qui
1006 1727 1062 1782 iam
1083 1725 1316 1803 percusseserit,

182 1805 242 1863 eius
262 1821 348 1862 mano
368 1821 399 1862 se
418 1804 535 1884 percuti,
556 1803 625 1860 nihil
645 1810 739 1862 autem
760 1803 878 1864 ior-tuito
899 1805 1069 1882 contingere.
1099 1801 1159 1870 lum
1180 1821 1315 1882 quopro-

203 1883 246 1939 ius
267 1882 302 1940 od
316 1881 409 1940 Deum
429 1883 546 1956 aceedit,
566 1882 723 1942 notandum
737 1891 788 1954 eet,
808 1882 898 1960 magio
912 1882 1073 1941 exacerbari
1085 1881 1226 1940 dolorem:
1246 1883 1315 1961 quia

181 1903 294 2018 bonolio
319 1961 387 2020 nihil
413 1965 501 2042 magis
526 1961 661 2020 horribile
686 1969 729 2020 est
748 1959 805 2020 Dei
829 1962 944 2021 iudicio.
983 1959 1042 2020 Alii
1062 1967 1184 2032 vertunt,
1204 1983 1317 2041 oppro-

206 2047 334 2121 'nquauit
358 2063 445 2122 euper-
470 2063 515 2101 me
537 2043 707 2121 indignatio
733 2051 795 2111 ino,
820 2047 849 2098 cl
868 2041 909 2098 sic
934 2034 1076 2098 interdum
1095 2041 1231 2117 accipitur
1251 2061 1314 2098 ver·

180 2063 249 2176 11ιιιι
270 2124 363 2212 mo.
404 2119 462 2180 Sed
482 2121 692 2179 circumstantia
712 2119 768 2178 loci
788 2120 914 2197 accipere
934 2122 1020 2198 cogit,
1045 2126 1077 2176 ot
1101 2119 1227 2196 pluribus
1251 2119 1315 2177 aliis

93 2267 95 2274 Ι
180 2197 260 2268 locis,
286 2218 339 2276 pro
359 2198 534 2260 circumdare
553 2200 610 2256 vel·
618 2197 795 2258 incumbere:
821 2199 888 2275 quia
908 2197 956 2257 ubi
977 2199 1011 2256 de
1026 2197 1141 2256 bomine
1160 2199 1189 2255 in
1209 2199 1314 2276 triplex

180 2276 343 2414 tttltlffl
363 2275 770 2416 stercoranistae
783 2275 1315 2415 ,lateranense„ot

180 2375 253 2504 rulo,
279 2439 313 2492 ut
337 2433 411 2494 dicat
430 2434 574 2514 Propheta
600 2453 630 2493 re
654 2376 793 2494 alletinere
819 2377 910 2492 tbtam
935 2435 1039 2494 molem
1065 2376 1123 2492 llae
1148 2375 1225 2506 Deill¹
1245 2437 1313 2514 quia

178 2515 241 2572 eine
267 2513 399 2572 lluetibos
419 2514 559 2592 affligitur.
599 2512 658 2572 lam
684 2531 774 2591 quum
793 2519 851 2572 tam
877 2512 1009 2572 horribile
1028 2514 1166 2572 diluvium
1187 2513 1312 2592 Prophe·

179 2597 239 2650 ἱιιιι
259 2610 316 2650 ocu
337 2592 494 2671 impedierit
514 2595 667 2730 (puemiuus
687 2613 738 2650 cor
757 2600 879 2652 suomet
898 2599 966 2652 vela
986 2591 1021 2650 ad
1034 2591 1127 2650 Deum
1148 2590 1311 2650 extolleretr

58 2727 62 2736 ,
180 2669 321 2730 discamus
341 2673 402 2730 eias
422 2686 523 2751 exemp
536 2694 563 2742 0,
587 2673 617 2732 io
637 2671 769 2733 omuibus
790 2671 942 2754 uaulregiie
967 2673 1071 2732 nestris
1091 2689 1226 2756 ancoram
1246 2671 1314 2732 fidei

178 2755 208 2808 et
226 2767 345 2829 precum
364 2751 394 2809 in
413 2751 509 2811 coeloe
527 2753 627 2811 iacere.
1056 2805 1061 2818 ,

259 2829 287 2888 9.
308 2831 479 2890 Reanovistt.
520 2829 618 2907 Quum
647 2827 778 2890 humanis
804 2829 935 2891 omnibus
958 2829 1070 2890 auxiliis
1095 2829 1211 2890 orbatos
1237 2837 1314 2890 esset

179 2905 237 2966 Pro
259 2905 333 2978 heta,
353 2907 408 2966 hee
428 2929 544 2988 quoque
563 2912 621 2968 irae
633 2907 687 2968 Dei
699 2910 842 2984 adscribit,
862 2914 890 2970 in
911 2911 990 2969 euius
1010 2909 1176 2972 arbitrioeot
1197 2901 1313 2970 flect'crc

178 3005 228 3045 cor
285 2984 431 3046 homiuum
451 2988 486 3046 ad
508 2987 720 3056 humanitatem,
747 2989 793 3048 vel
817 2991 915 3048 eadem
935 2989 1060 3050 efferare.
1102 2988 1188 3067 Quod
1209 2997 1313 3056 notatu

178 3065 294 3142 dignum
314 3073 372 3124 est:
391 3067 457 3144 quia
477 3068 529 3125 uisi
549 3069 578 3128 in
597 3070 765 3129 memoriam
784 3077 939 3142 succurrat,
963 3070 1027 3129 idco
1053 3088 1104 3128 nee
1125 3069 1238 3128 destitui
1257 3069 1311 3128 ltu-

177 3144 268 3201 maois
292 3144 406 3218 mediis,
431 3147 498 3224 quia
517 3143 598 3208 Dens
623 3163 738 3206 menum
758 3166 839 3209 enom
858 3149 998 3218 subducit,
1025 3147 1231 3208 tumultuamur
1249 3149 1312 3208 sine

176 3221 234 3282 fine
260 3228 289 3280 et
307 3224 407 3282 modo:
432 3232 462 3284 et
480 3227 541 3286 iure
564 3225 680 3306 quidem
699 3229 835 3306 conqueri
861 3227 955 3288 licebit
975 3228 1009 3286 de
1029 3226 1177 3286 bominum
1196 3219 1310 3308 ibgrati·

176 3301 288 3374 tudine,
314 3303 359 3360 rel
380 3305 509 3376 saevitia,
535 3307 646 3384 quotics
672 3307 752 3366 iustis
778 3306 878 3366 ollieiis
903 3327 955 3366 nos
980 3307 1162 3366 loaudahuot:
1184 3309 1232 3366 sed
1254 3307 1312 3366 boc

176 3380 305 3460 prosectu
330 3383 449 3456 carebit,
475 3385 528 3444 uisi
555 3385 670 3444 accedat
690 3381 759 3456 baec
778 3388 912 3466 cognitio,
932 3388 998 3464 quia
1022 3385 1099 3446 licus
1118 3385 1201 3446 nobis
1220 3387 1312 3446 elleb-

174 3478 223 3518 ens
243 3466 295 3528 est,
316 3461 415 3520 tollere
435 3482 509 3541 quae
528 3463 609 3523 nobis
630 3464 819 3524 destinaverat
838 3465 974 3524 subsidia:
995 3467 1077 3524 sicuti
1096 3473 1262 3546 promptum
1282 3467 1312 3526 ei

105 3585 113 3590 .
175 3539 218 3598 eat
238 3541 348 3618 quoties
368 3542 461 3600 visum
481 3542 578 3616 luerit,
601 3545 750 3603 conciliare
769 3543 850 3603 nobis
864 3546 990 3626 omnium
1010 3545 1119 3605 animos
1141 3552 1173 3604 ut
1192 3565 1312 3606 manum

174 3621 328 3698 porrigant„
368 3619 456 3680 Addit
482 3623 567 3680 etiam
591 3623 696 3700 aliquid
722 3626 850 3701 gravior,
875 3643 906 3683 se
931 3625 1016 3684 luisse
1036 3623 1227 3684 detestabilem
1248 3645 1322 3684 om··

174 3698 258 3758 uibus
277 3697 387 3758 amicis:
411 3702 578 3762 octoadem
599 3702 743 3760 concludit
762 3703 874 3764 nullum
894 3706 952 3763 suis
972 3703 1053 3762 malie
1093 3711 1171 3763 alere
1189 3706 1311 3764 exitum.

101 3772 105 3779 ’
253 3781 300 3838 111.
323 3781 433 3836 &relos
456 3803 545 3846 meam.
585 3779 629 3840 Ne
653 3780 826 3860 l'roplretam
858 3785 1042 3864 imaginemur
1067 3725 1153 3843 brisso
1177 3781 1310 3857 ferreum,

172 3871 271 3912 mrsue
299 3857 420 3918 inculcat
444 3857 497 3918 eibi
521 3867 581 3920 tem
608 3860 692 3918 duras
719 3862 805 3920 luisse
829 3869 858 3920 et
876 3864 1012 3922 molestas
1032 3864 1208 3936 afflictiones,
1229 3873 1260 3922 ut
1280 3867 1311 3924 in

173 3933 295 3992 vultuct
311 3936 400 3996 oculis
419 3945 564 3998 exstarent
583 3941 740 3999 moestitiae
760 3941 849 4020 sigua,
870 3944 945 4000 uude
954 3944 1112 4022 colligimus
1134 3949 1310 4022 qrrarrtopere

173 4011 299 4071 deiectus
319 4013 425 4088 luerit,
450 4013 508 4090 Sed
529 4020 634 4076 interca
655 4026 774 4077 testatur
793 4041 824 4079 se
845 4022 960 4080 minime
980 4025 1066 4082 luisse
1086 4041 1102 4080 n
1119 4019 1181 4080 lleo
1202 4022 1310 4082 abstra-

173 4097 261 4163 ctum,
287 4099 320 4150 ut
344 4094 427 4153 multi
451 4115 547 4154 secum
573 4100 657 4156 tacite
676 4098 838 4170 frementes,
862 4101 1031 4180 frenumque
1052 4103 1191 4173 rodentes
1212 4109 1246 4160 ut
1265 4111 1310 4162 est
1387 4146 1391 4154 -

130 4179 141 4194 ⁸
172 4169 202 4227 iu
223 4171 383 4249 proverbio,
404 4173 473 4232 nihil
493 4177 586 4236 nrious
606 4176 658 4235 sibi
680 4185 844 4257 proponunt
865 4199 950 4259 quarn
977 4200 1042 4242 ruas
1062 4197 1143 4240 curas
1163 4182 1191 4238 io
1212 4180 1310 4242 Deuur
1335 4229 1340 4257 ,

174 4266 340 4322 exonerare,
360 4258 392 4309 ut
413 4244 543 4314 solatium
563 4254 599 4315 ab
618 4275 655 4316 eo
676 4264 782 4335 petant.
819 4257 905 4336 Quod
927 4261 962 4320 de
981 4283 1123 4322 oronnam
1142 4269 1310 4322 extorsione

173 4327 251 4396 dicit,
271 4331 383 4420 ¹pignum
404 4336 485 4410 ponit
505 4354 557 4412 pro
576 4355 607 4394 re
627 4337 705 4412 ipsa..
731 4335 808 4396 Alibi
829 4346 925 4399 entem
945 4341 1068 4400 diximus
1088 4361 1226 4419 quorsom
1246 4361 1309 4421 spe-

173 4410 293 4466 clarent
313 4409 383 4468 baec
403 4415 572 4488 ceremonia,
592 4431 665 4493 (luae
684 4417 786 4478 seculis
807 4419 938 4478 omuibus
957 4420 1011 4480 luit
1030 4424 1059 4479 io
1079 4423 1224 4482 cnmrnuui
1244 4441 1308 4482 usu·
