2816 4880
439 337 447 376 ι
464 338 481 378 rs
511 337 591 378 rsa
609 337 623 376 ι
640 335 670 376 aa.
698 335 829 380 cxxxix.
1153 335 1207 394 477
1255 389 1259 404 ,

61 462 118 522 bns
137 461 257 542 altisque
277 459 376 522 animis
401 459 559 542 spernenda
584 475 648 520 esse
665 455 974 539 omnia,improbornm
987 453 1069 535 'odia
1090 458 1137 520 nbi
1152 481 1206 542 pro
1272 451 1279 460 ’

24 597 25 600 ,
62 542 122 602 Del
151 541 261 602 bonnm
290 542 454 602 certandum
485 547 543 600 est:
575 543 727 620 potiusque
758 538 975 600 renuntiandum
999 557 1062 600 esse
1087 543 1205 620 terrenis

23 653 25 688 r
62 621 206 700 omnibus·
222 623 366 694 amicitiis,
396 640 483 700 qoam
508 619 649 680 blanditiis
670 637 818 698 perperam
840 617 987 680 foveamus
1006 637 1106 681 eorum
1126 620 1204 682 lavo·

63 719 127 760 rem
153 701 202 780 qni
227 700 279 761 liei
305 700 401 760 odium
428 699 531 780 cupide
554 701 583 759 in
609 717 640 758 se
665 703 824 758 accersunt.
865 695 962 776 Atque
987 697 1203 774 haecdoctrina

23 813 25 850 2
62 800 101 840 eo
122 780 212 859 tnagis
232 781 355 842 notanda
375 785 428 854 est,
449 780 527 859 quod
548 798 600 838 nos
620 779 744 837 studium
767 777 895 858 privatae
915 777 1023 850 salutis,
1044 776 1159 840 bonoria
1175 787 1205 840 ct

23 897 24 932 ;
63 855 317 934 commoditatum,
345 859 418 919 adeo
443 861 534 938 rapit,
567 864 600 917 nt
625 857 704 916 nulla
725 857 896 926 certamina,
924 857 1043 916 simulac
1062 860 1204 940 quispiam

22 977 26 1012 ί
61 959 118 1002 nos
139 939 237 1011 laedit,
267 941 410 1018 suscipere
441 939 617 1000 dubitemus:
648 939 676 996 in
697 937 846 997 asserenda
867 932 922 994 Dei
942 936 1030 1015 gloria
1053 939 1203 1018 plusquam

22 1041 25 1094 p
61 1019 224 1080 meticulosi
249 1037 347 1078 sumus
373 1019 525 1100 etipnavi.
564 1015 641 1098 Ergo
660 1023 693 1075 ut
712 1019 835 1097 quisque
853 1022 984 1076 nostrum
1003 1016 1055 1076 sibi
1075 1018 1203 1080 addictos

22 1139 25 1176 ,
63 1107 122 1164 est.
142 1115 208 1158 snae
231 1117 267 1158 ue
287 1097 400 1158 utilitati
421 1096 557 1176 consulit,
576 1117 634 1158 noo
656 1098 711 1156 alia
731 1116 783 1156 uos
803 1114 887 1168 causa
906 1095 942 1154 ad
963 1095 1089 1174 dissidia,
1119 1100 1204 1172 rixas,

22 1247 23 1252 ἵ
59 1117 258 1239 conteutioffes
278 1184 308 1236 et
327 1177 399 1240 bella
419 1178 550 1260 impellit,
569 1196 656 1258 quam
676 1183 709 1236 nt
730 1177 859 1256 proprios
879 1175 995 1236 iniurias
1016 1175 1201 1238 ulciscamur:

22 1301 24 1338 ,
63 1259 116 1318 ubi
136 1257 259 1317 violatur
279 1255 334 1317 Dei
353 1259 501 1330 maiestas,
526 1277 611 1318 nemo
631 1275 662 1316 se
681 1261 853 1316 commovet.
874 1254 966 1335 Atqui
984 1255 1077 1314 zelum
1099 1253 1153 1316 Dei
1172 1261 1203 1318 in

21 1385 25 1418 ,
58 1339 146 1399 nobis
175 1338 270 1418 vigere
294 1344 415 1398 testatur
435 1337 505 1397 baec
525 1337 755 1416 magnanimitas,
785 1333 833 1394 ubi
854 1355 919 1396 cum
939 1333 1076 1418 improbis
1095 1344 1124 1413 et
1146 1335 1201 1396 Dei

57 1415 305 1498 contemptoribus
324 1416 430 1476 bellum
450 1415 681 1477 irreconciliabile
700 1434 796 1495 gerere
816 1415 972 1486 malumus,
997 1433 1084 1495 qnam
1104 1418 1133 1474 in
1154 1424 1201 1476 eo'·

59 1519 128 1558 rum
155 1499 273 1576 gratiam
295 1495 410 1556 alienari
430 1516 447 1557 a
467 1495 557 1557 Deo..
582 1493 755 1576 Quanquam
777 1494 932 1554 notandum
953 1501 1012 1569 est,
1036 1496 1133 1554 odium
1153 1515 1202 1556 co·
1261 1563 1268 1573 ι

57 1583 108 1638 ias
139 1577 269 1638 meminit
289 1576 345 1638 Pro
367 1577 446 1648 heta,
477 1597 537 1637 nou
567 1583 626 1636 tam
651 1577 681 1635 in
706 1593 844 1656 personas
864 1593 951 1654 quam
970 1575 1000 1632 iri
1021 1572 1090 1634 vitia
1110 1577 1200 1656 dirigi.

20 1709 25 1744 ,¹
59 1658 194 1718 Colenda
214 1658 290 1716 eninr
310 1597 393 1716 nobis
412 1664 456 1718 est
476 1675 533 1738 pax
553 1671 619 1716 cum
641 1655 781 1728 omnibus,
802 1655 897 1734 quoad
917 1656 997 1730 licet:
1018 1653 1138 1715 ornanda
1157 1665 1202 1716 est
1241 1671 1249 1708 1

20 1787 21 1794 ,
57 1741 148 1808 ctiam
169 1739 297 1796 omnium
318 1737 407 1796 salus:
433 1739 505 1796 etsi
526 1735 586 1795 steri
607 1741 717 1816 potest,
744 1733 919 1794 humanitate
938 1739 968 1793 et
987 1734 1119 1794 omnibus
1139 1735 1200 1796 ottr-

20 1811 25 1908 'l
59 1820 113 1876 ciis
133 1815 286 1875 revocandi
305 1823 373 1875 sunt
391 1817 420 1874 in
442 1817 526 1894 viam
567 1814 718 1894 Quatenus
736 1821 833 1874 tamen
853 1811 909 1872 Dei
928 1818 995 1874 sont
1014 1811 1127 1888 bostes,
1153 1825 1199 1875 eo·

62 1916 131 1956 rum
151 1895 242 1953 fauori
262 1915 315 1954 nos
334 1897 436 1954 acriter
455 1916 602 1975 opponere
623 1897 766 1955 convenil.

19 1949 24 2068 f
88 2009 92 2016 ·
144 1977 192 2035 93.
213 1977 243 2034 E
285 1975 349 2032 lora
373 1997 419 2034 me
438 1977 528 2034 Deus.
570 1974 730 2033 Confirmat
750 1991 780 2031 se
798 1991 858 2034 non
878 1973 931 2033 alia
952 1972 988 2033 de
1007 1989 1091 2034 cansa
1112 1973 1202 2036 inimi·

19 2113 24 2132 ,
60 2074 129 2115 cnm
155 2053 242 2112 luisse
291 2055 317 2112 ei
338 2053 594 2134 contemptoribus„
608 2056 662 2113 uisi
682 2053 748 2134 quia
768 2049 863 2112 Deum
885 2072 956 2132 pure
976 2053 1036 2132 ipse
1056 2056 1200 2135 revereba-

19 2134 23 2232 ἰ
58 2144 125 2208 tur,
152 2131 242 2229 'set-ab
267 2133 328 2192 aliis
353 2132 455 2228 eodem
475 2135 570 2228 animo
590 2135 681 2228 timeri
701 2131 826 2228 opipbat.
867 2129 942 2227 llara
962 2131 1077 2211 quidem
1097 2133 1201 2230 iiducia

19 2247 20 2250 η
59 2213 457 2376 {ffidfflms‘egpffim
477 2231 527 2291 qm
548 2232 578 2272 se
598 2211 654 2271 Der
672 2212 777 2270 audacro
798 2211 1017 2271 examinandum
1037 2217 1096 2270 mm
1117 2221 1199 2292 sutre-

469 2292 537 2351 robs
557 2291 608 2356 sibi
628 2293 759 2352 conscius
778 2299 838 2348 erat
858 2294 984 2351 sincerae
1003 2293 1122 2372 pietatis,
1141 2313 1202 2354 nou
1232 2327 1237 2344 ·

60 2383 173 2434 temere
203 2372 326 2453 prosiliit
350 2391 415 2432 eum
442 2311 497 2432 bac
516 2373 667 2434 securitate
690 2371 726 2431 od
746 2369 803 2430 Dei
823 2371 961 2442 tribunal:
990 2391 1084 2451 neque
1105 2379 1200 2437 tamea

59 2457 221 2514 immunem
245 2471 276 2512 se
296 2451 423 2532 proliteri
444 2452 535 2512 voluit
553 2450 589 2511 ab
610 2453 686 2512 omni
707 2449 806 2532 culpa,
835 2453 886 2532 qni
905 2449 957 2510 sub
978 2453 1111 2511 vitiorum
1132 2475 1199 2513 suo-

18 2545 19 2554 *
54 2554 123 2594 rum
154 2551 242 2592 onero
270 2534 359 2591 tristis
393 2531 532 2611 gemebat.
581 2529 619 2591 Et
647 2538 756 2592 eertum
787 2537 831 2591 est
859 2539 986 2605 sanctos,
1017 2533 1129 2610 quoties
1163 2533 1200 2594 de

53 2631 108 2673 sua
144 2613 305 2691 integritate
344 2613 521 2690 loquuntur,
556 2631 669 2692 semper
703 2611 786 2670 inniti
815 2613 954 2690 gratuitae
983 2615 1105 2679 ventac,
1144 2611 1199 2673 Ce-

54 2703 150 2753 terum
182 2693 248 2770 quia
279 2695 406 2770 persuasi
435 2698 520 2766 sunt,
562 2700 707 2771 utcunque
735 2689 900 2750 infirmitate
928 2689 1077 2768 labantur,
1117 2711 1198 2754 artam

79 2775 192 2832 ictatem
210 2769 323 2850 probari
335 2769 409 2842 ileo,
430 2791 488 2831 non
510 2772 613 2830 miram
634 2779 678 2830 ost
696 2772 721 2830 si
740 2769 827 2844 libere
848 2769 924 2830 seab
944 2771 1036 2850 impiis
1056 2781 1196 2852 separent.

54 2795 120 2912 bnt
143 2857 238 2910 autem
259 2851 313 2912 sibi
332 2871 383 2909 cor
401 2871 461 2910 nou
481 2870 544 2910 ease
562 2847 661 2910 lictum
681 2857 712 2910 et
731 2849 837 2930 duplex
857 2851 995 2922 affirmat,
1023 2870 1082 2910 non
1103 2858 1199 2914 tamen

56 2951 89 2990 se
114 2933 191 2990 omni
211 2936 292 2993 reatu
312 2931 424 3004 eximit,
454 2932 504 2990 sed
524 2937 636 2990 tantum
655 2937 741 3010 negat
759 2950 791 2990 so
810 2931 942 3010 pravitati
962 2949 1024 2990 essa
1043 2931 1197 2994 addictum.

56 3009 172 3070 Nomen
191 3011 265 3068 enirn
286 3015 392 3082 Bw,
417 3030 476 3070 non
496 3010 644 3148 quodlibet
663 3011 813 3082 delictum,
842 3010 892 3070 sed
912 3009 1040 3070 dolorem
1060 3019 1090 3070 et
1109 3014 1196 3074 uirile·

56 3091 152 3164 etiarn,
172 3088 218 3147 vel
238 3089 405 3166 pravitatem
424 3091 496 3169 signi
519 3098 577 3150 rat:
597 3091 739 3150 interdum
754 3091 841 3150 etiam
850 3089 1044 3170 metaphorice
1055 3111 1107 3170 pro
1118 3094 1195 3152 idnto
1272 3157 1278 3168 ,
1305 3075 1308 3084 ’
1387 3059 1388 3119 Ῑ

57 3170 190 3228 sumitur.
218 3165 305 3245 Quod
327 3175 502 3246 postremum
522 3189 580 3229 non
599 3171 734 3230 convenit
754 3171 893 3249 praesenti
913 3169 991 3228 loco:
1012 3173 1079 3249 quia
1100 3172 1197 3232 llavid

57 3269 117 3308 non
138 3246 261 3308 modos
282 3250 490 3328 superstitione,
509 3250 558 3310 sed
579 3248 615 3309 ab
635 3249 769 3308 iniustitia
789 3255 883 3308 tutum
904 3269 934 3308 se
955 3251 1041 3309 luisse
1061 3257 1194 3310 testatur:

56 3333 134 3388 sicot
162 3325 228 3386 alibi
249 3325 366 3400 dicitur,
398 3327 465 3388 lesa.
487 3331 536 3402 59,
556 3329 585 3391 7·
610 3329 641 3390 in
662 3331 714 3388 viis
734 3329 834 3388 talium
855 3329 1003 3388 bominum
1023 3347 1085 3388 esse
1106 3332 1194 3389 mole-

56 3411 142 3468 stiam
161 3413 191 3466 et
210 3407 385 3474 vastitatem,
405 3409 471 3486 quia
490 3409 631 3470 violenter
649 3427 701 3489 por
720 3408 799 3468 nelas
819 3423 904 3468 omne
923 3415 1095 3488 grassantur.
1113 3415 1117 3422 ’
1136 3411 1194 3470 ΑΙίἰ

56 3489 94 3547 ad
119 3485 222 3547 malam
248 3487 449 3546 conscientiam
474 3487 604 3561 trabunt,
634 3507 709 3569 qnae
729 3488 820 3546 caecis
840 3489 989 3548 tormentis
1009 3487 1122 3550 assidue
1141 3489 1194 3550 im-

54 3569 121 3646 pios
140 3567 260 3626 cruciat:
279 3566 358 3645 qnod
377 3573 420 3626 est
438 3568 523 3628 nimia
543 3575 682 3630 coactum.
723 3565 869 3646 Quicquid
889 3567 938 3636 sit,
966 3567 1133 3647 simpliciter
1151 3571 1193 3629 ai·

55 3649 154 3704 lirmot
175 3643 281 3720 liavid,
311 3665 355 3712 se,
385 3649 624 3725 quamvisbomo
645 3653 720 3710 esset
741 3645 990 3724 vitiisobuoxius‚
1017 3655 1194 3721 nontamen
1281 3655 1289 3678 ⁰
1385 3657 1386 3676 ¹

54 3726 143 3785 fuisse
162 3725 302 3803 iniquitati
324 3725 458 3786 deditum.

134 3805 182 3868 at.
202 3809 244 3864 Et
263 3807 356 3866 deduc
374 3829 428 3866 aas.
453 3803 538 3886 Quod
559 3808 704 3868 nonnullis
723 3807 918 3885 videtur-‚gesse
936 3809 1113 3890 imprecatio,
1132 3811 1190 3872 acsi

54 3891 141 3965 capnt
161 3905 243 3944 snum
257 3881 349 3944 itavid
370 3905 482 3971 poenae
501 3889 648 3964 devoveat,
667 3887 739 3948 nihil
758 3885 844 3950 babet
862 3889 974 3949 eoloris.
1000 3887 1105 3952 Fateor
1116 3890 1192 3950 viam

53 3967 204 4036 universae
229 3971 320 4025 terrae
372 3965 523 4046 nandoque
547 3970 636 4050 accipi
660 3989 715 4050 pro
735 3970 880 4028 communi
898 3968 1028 4028 interitu:
1057 3969 1107 4030 sed
1128 3989 1190 4030 ver·

52 4043 122 4138 qu
144 4045 268 4106 dacmria·
287 3987 455 4106 benebcium
475 4048 566 4126 magis
584 4047 713 4128 desipiat
732 4067 818 4128 qnam
839 4066 969 4144 poeqam.
1010 4046 1121 4110 Deinde
1141 4068 1190 4144 aa·

50 4141 338 4264 tttttdttttt
357 4145 435 4266 tt:
454 4127 1072 4287 littttdtt‘tl‘slt‘ttillidi
1090 4127 1190 4270 llll:

50 4280 104 4342 sibi
123 4301 186 4342 esse
206 4284 307 4344 ducem
326 4287 410 4346 stadii
429 4288 473 4346 sui
494 4287 755 4367 nequeadmetam‘.
776 4285 836 4347 Nec
845 4287 1110 4368 melatetquid,alii
1126 4291 1190 4366 qui-

51 4363 116 4420 dam
137 4365 274 4423 sentiant:
294 4367 453 4460 extepdont
473 4366 594 4426 enimad
615 4370 690 4428 vitae
710 4371 918 4438 aeternitatem,
938 4367 1191 4428 necveroinlrcior

50 4443 252 4522 comprehendi
282 4444 409 4506 suturam
438 4447 526 4507 vitam
556 4445 610 4508 sub
635 4446 691 4508 boo
715 4448 925 4532 complemento
947 4451 1021 4509 viaer
1050 4449 1100 4528 sed
1121 4447 1190 4510 mibi
1253 4461 1256 4468 ’
