2844 4882
402 291 404 300 ‘
514 306 883 352 reassumam
1210 307 1263 368 ⁴57

794 374 801 396 t

129 388 309 494 vocatiouem
329 380 444 512 midde!
457 435 617 510 exspectnt
638 447 734 512 neque
752 429 817 512 plus
837 429 944 512 expetit
964 449 1050 512 quam
1069 431 1148 492 licet:
1168 425 1260 514 neque

129 531 162 574 se
181 511 400 594 praecipitanter
418 508 532 592 ingerite
551 529 645 592 noque
662 512 747 572 etiam
768 509 805 571 ad
824 509 1046 590 magnitudinem
1065 511 1191 585 effertur,
1210 513 1260 574 sed
1309 575 1312 584 ,

129 593 159 652 ἱιι
178 609 233 650 suo
253 588 342 670 gradu
360 588 479 652 libenter
498 607 530 648 se
549 590 681 652 continet
710 588 804 651 Porro
823 609 875 654 cor
893 608 978 650 snum
997 589 1153 666 exaltatum
1173 592 1260 654 foisse

4 689 6 702 r
128 688 251 749 nepsam
279 670 388 730 iontem
413 669 504 730 omnis
531 657 695 732 temeritatis
715 673 744 730 et
763 667 877 730 illicitae
897 667 1030 732 andaciae
1048 674 1136 742 notat,
1177 668 1260 732 Unde
1298 739 1303 750 ‚

4 771 6 806 ι
128 749 207 810 mm
230 747 263 810 fit
287 755 320 808 nt
344 749 402 810 sois
422 748 623 830 cupiditatibus
641 749 681 809 ita
695 750 823 830 >serviant
843 747 986 822 homiues,
1016 754 1048 808 ut
1068 749 1188 816 volitent
1207 771 1260 832 per

4 877 5 886 ,
127 827 255 890 medium
274 834 378 904 aerem,
397 835 430 898 ut
448 829 544 890 omnia
563 827 718 903 miscendo,
736 828 874 890 mundum
889 826 1068 902 conturbem,
1087 835 1119 888 ut
1138 828 1259 910 denique

4 931 6 968 ε
127 926 182 970 sua
200 907 318 969 audacia
336 907 464 968 ferantur
483 909 658 990 praecipites,
677 907 729 992 uisi
745 908 811 989 quia
826 907 955 990 superbia
970 909 1102 1066 toppeot‘l
1121 907 1257 970 Correcta

128 1007 199 1048 vero
218 981 367 1048 altitudine
386 987 489 1062 cordis,
507 987 730 1077 moderationem
750 1007 849 1066 omnes
868 987 972 1050 colent.
1034 987 1090 1048 uod
1111 987 1146 1048 de
1165 991 1257 1050 ocutis

128 1067 250 1141 additur,
270 1065 385 1148 perinde
395 1067 471 1127 valet
485 1083 519 1128 ac
538 1065 815 1146 nollumsuperbiae
834 1068 857 1126 si
878 1087 946 1126 num
965 1068 995 1126 in
1015 1074 1098 1148 gestu
1116 1067 1257 1130 aolvultu

127 1149 284 1213 mannae:
303 1146 376 1207 sicul
385 1145 452 1206 abbi
466 1147 496 1207 iu
515 1144 644 1228 superbis
663 1146 833 1208 damnantur
852 1090 908 1206 dra
928 1146 1084 1226 supercilia
1115 1144 1176 1207 tirsi
1195 1147 1255 1208 lon·

6 1235 8 1241 '
127 1229 190 1308 gius
208 1245 267 1286 uon
286 1227 382 1306 inepte
400 1225 514 1288 extendi
534 1225 590 1288 boc
610 1234 719 1307 posset,
752 1225 829 1307 qood
848 1225 958 1287 scilicet
976 1223 1072 1286 David
1092 1246 1150 1286 non
1169 1226 1256 1288 moda

127 1327 180 1368 cor
198 1325 281 1374 enum
301 1307 515 1388 compescuerit,
534 1325 571 1366 ne
590 1325 621 1366 se
640 1305 792 1376 ambitione
810 1306 936 1366 efferret:
961 1303 1010 1367 sed
1030 1305 1121 1367 oculis
1162 1326 1256 1386 noque

4 1453 5 1458 γ
127 1387 239 1448 trenam
268 1387 410 1459 iniecerit,
432 1403 469 1444 ne
495 1383 748 1446 cordialtitudinis
768 1385 872 1464 cupido
892 1404 923 1446 se
942 1384 1060 1446 comites
1080 1405 1148 1466 prae
1184 1392 1254 1446 rent.

69 1527 71 1535 ,
125 1466 248 1528 Summa
265 1473 319 1538 est,
338 1481 394 1526 una
413 1483 480 1526 cum
499 1463 585 1525 corde
604 1483 704 1525 omnes
723 1483 822 1526 seusus
841 1464 877 1525 ad
897 1464 1065 1524 modestiam
1085 1464 1171 1526 luisse
1190 1463 1254 1524 sub·

4 1559 5 1564 ’
123 1549 236 1609 missua
262 1542 351 1624 Quod
369 1564 400 1605 se
418 1553 511 1626 raegul
531 1545 692 1606 ambulasse
709 1551 743 1604 io
761 1545 845 1606 rebus
863 1551 993 1626 magaria,
1012 1543 1049 1604 ad
1068 1546 1192 1604 animum
1213 1564 1255 1604 rc·

4 1641 6 1646 ·
85 1642 90 1648 ·
124 1627 192 1688 lerri
211 1643 327 1686 necesse
345 1632 397 1686 est.
424 1623 572 1684 Reserate
587 1623 748 1704 praeclarae
768 1623 891 1699 luerunt,
910 1644 969 1684 non
988 1623 1075 1684 modo
1095 1621 1254 1704 lungiPro

123 1705 229 1788 phetae
248 1702 354 1779 officio,
373 1701 522 1784 mollegio
541 1703 625 1764 etiam
644 1703 780 1783 dignitato
798 1721 860 1763 esse
879 1709 1026 1786 ornatum:
1045 1701 1103 1763 imo
1123 1703 1153 1762 in
1173 1719 1254 1763 sacro

124 1785 262 1866 unigeniti
282 1781 333 1842 lilii
352 1781 409 1844 Dei
428 1784 500 1844 solio
520 1783 626 1844 sedere.
647 1781 758 1844 Omitto
779 1783 847 1842 alias
866 1781 1050 1843 excellentiae
1069 1783 1254 1876 partenent-

124 1863 179 1926 bus
197 1881 265 1924 eum
284 1860 401 1924 Densa
420 1863 508 1944 'vulgo
527 1863 674 1924 bominum
693 1864 808 1924 exemit.
848 1861 955 1923 Verum
976 1863 1043 1944 qnia
1062 1880 1094 1922 ss
1112 1867 1255 1927 contruurt

4 1959 6 1970 “
124 1944 155 2002 in
174 1942 233 2004 boo
250 1941 354 2022 mado,
383 1959 420 2002 ne
445 1941 521 2002 aliud
545 1948 692 2024 appeteret
712 1960 799 2021 quam
818 1940 884 2002 Deo
904 1948 933 2002 et
952 1941 1095 2002 Ecclesiae
1114 1942 1175 2004 eius
1194 1960 1253 2002 sen

4 2061 7 2090 .
124 2023 201 2096 vire,
225 2021 327 2082 merito
347 2019 446 2080 asserit
464 2039 495 2078 se
514 2041 573 2082 non
592 2019 751 2082 ambulasse
768 2022 799 2086 in
817 2020 903 2082 rebus
921 2022 1039 2100 mugnis.
1079 2019 1253 2102 Quanquam

42 2107 53 2125 “
123 2121 162 2163 ue
181 2101 246 2182 quis
267 2100 370 2160 trustra
388 2100 417 2160 in
429 2098 514 2160 verbo
535 2120 592 2160 uno
612 2098 736 2173 haereat,
756 2100 892 2181 particula
912 2119 985 2180 quae
1004 2099 1140 2179 seqnitur,
1159 2121 1253 2182 supro

123 2205 178 2256 ose,
198 2179 386 2240 communiter
404 2176 488 2239 rebus
507 2181 615 2258 magnis
635 2185 665 2239 et
682 2177 852 2240 absconditis
872 2178 919 2240 vel
938 2179 1111 2240 mirabilibus
1130 2179 1252 2258 aptanda

123 2268 177 2322 est.
216 2257 283 2340 Non
302 2279 370 2340 ergo
389 2259 482 2338 agitur
500 2277 588 2340 quam
613 2255 726 2318 humilis
746 2259 793 2320 vel
811 2259 923 2320 excelsa
941 2259 1027 2320 fuerit
1046 2257 1164 2319 Danielis
1182 2277 1251 2322 eou-

123 2341 208 2400 ditior
238 2340 305 2420 quia
324 2337 430 2400 suflicit
447 2341 572 2400 mouisse
592 2337 723 2410 modum,
752 2359 788 2402 ne
813 2340 979 2402 transsiliret
1002 2339 1158 2402 vocationis
1182 2355 1252 2400 snae

122 2427 223 2480 metas.
257 2417 357 2502 Neque
377 2419 452 2479 enim
473 2419 515 2478 las
535 2419 587 2480 sibi
607 2419 688 2480 duxit
709 2417 753 2478 vel
773 2418 874 2499 pedem
893 2419 1091 2492 moveremini
1111 2424 1250 2498 quatenus

120 2497 177 2558 Dei
197 2501 349 2580 praecepto
368 2497 526 2578 regebatur.
551 2497 649 2578 Atque
666 2497 714 2558 lrie
734 2499 853 2560 tenenda
871 2504 915 2559 est
934 2497 1080 2559 antithesis
1098 2499 1172 2560 inter
1192 2495 1248 2556 Da-

41 2617 46 2626 ·
120 2579 192 2640 vidie
211 2575 442 2654 submissionem,
472 2585 501 2640 et
526 2597 644 2658 pravam
667 2595 767 2640 eorum
786 2579 988 2652 temeritatem,
1018 2578 1068 2658 qui
1088 2576 1250 2656 posthabito

121 2657 177 2718 Dei
196 2657 275 2718 iussu
294 2675 326 2718 se
345 2657 478 2737 ingerunt
497 2657 571 2719 ultra
590 2677 677 2738 quam
697 2678 749 2738 par
769 2664 826 2733 est,
852 2655 896 2718 vel
916 2659 945 2718 in
965 2659 1070 2718 alienas
1090 2657 1249 2717 lunationes

119 2737 284 2810 involvant,
313 2751 379 2795 nam
400 2735 614 2817 ubi‘praclucet
632 2735 688 2797 Dei
707 2739 835 2814 vocatio,
867 2737 937 2798 nihil
956 2736 1037 2798 nobis
1057 2738 1111 2796 erit
1130 2734 1248 2794 abscon·

119 2817 221 2888 ditum,
240 2816 288 2876 vel
306 2834 441 2896 maguum
461 2834 548 2896 supra
567 2837 630 2890 uos,
653 2819 818 2898 praesertim
838 2817 862 2876 si
882 2815 918 2878 ad
937 2817 1059 2898 quodvis
1079 2814 1248 2894 obsequium

141 2897 211 2956 arati
230 2897 333 2969 umus,-
358 2915 545 2976 quoscunque
564 2917 633 2956 vero
654 2895 769 2958 ambitio
793 2896 939 2971 sollicitat,
963 2914 1077 2956 neceam
1096 2901 1140 2955 cst
1160 2897 1188 2954 in
1208 2894 1252 2964 la·¹

119 2915 256 3054 byriatbo
274 2975 379 3055 vagari.
418 2973 457 3034 Et
479 2995 548 3036 sane
568 2975 695 3036 videmus
719 2982 751 3036 nt
775 2976 937 3056 magnificos
963 2978 1031 3036 istos
1055 2980 1188 3048 conatus,
1217 2974 1248 3032 iu

121 3051 224 3138 quibus
244 3051 368 3114 mutuose
386 3073 418 3115 se
437 3055 544 3115 iactant
563 3055 613 3116 tilii
636 3055 737 3130 seculi,
766 3055 917 3117 frustretur
936 3053 1024 3116 Deus.
1063 3051 1120 3113 Per
1145 3053 1247 3133 longos

120 3151 188 3192 suos
208 3131 350 3192 discursus
369 3133 550 3215 obequitaut,
580 3140 693 3194 versant
716 3141 808 3196 totum
829 3135 967 3196 mundum
987 3155 1039 3194 suo
1061 3133 1188 3204 arbitrio,
1217 3137 1247 3192 ct

4 3244 9 3256 ·
119 3209 191 3272 nibil
209 3211 347 3272 intactum
365 3221 557 3294 praetereunt:
578 3213 690 3294 placent
710 3216 794 3275 etiam
813 3213 866 3275 sibi
884 3215 915 3274 in
935 3233 989 3274 suo
1009 3215 1137 3273 acumine
1155 3212 1245 3271 etin·
1279 3289 1282 3298 ,

120 3289 237 3362 dustria,
257 3310 356 3351 verum
376 3290 473 3351 ubi·in
492 3311 627 3374 magnum
647 3311 779 3354 acervum
799 3293 963 3368 extulerunt
981 3313 1032 3352 sua
1053 3291 1177 3364 consilia,
1201 3309 1244 3351 re·

118 3376 204 3452 pente
227 3369 378 3431 evertitur:
407 3372 473 3451 quia
498 3372 569 3434 nihil
598 3374 671 3433 inest
700 3373 830 3433 subdam.
870 3371 992 3432 Duobus
1011 3378 1108 3432 autem
1128 3370 1245 3429 diversis

118 3451 194 3510 vitiis
213 3448 344 3510 laborant
368 3453 417 3530 qui
438 3449 532 3512 Deum
546 3453 667 3533 'praeire
686 3452 799 3522 volunt,
828 3452 909 3532 sequi
934 3470 991 3510 non
1017 3451 1169 3522 sustinent,
1198 3448 1246 3509 alii

117 3531 193 3592 euim
213 3529 355 3589 ferventer
373 3548 404 3590 se
444 3533 617 3614 raecipitant,
641 3532 698 3591 acsi
717 3529 824 3613 lapides
843 3527 1008 3590 aedificandi
1027 3548 1112 3588 causa
1131 3530 1160 3587 in
1181 3545 1243 3586 coe·

116 3609 177 3670 lum
201 3609 386 3691 proilccrent,
414 3551 461 3670 alii
485 3631 564 3688 vero,
590 3611 719 3692 quamvis
743 3631 801 3671 non
827 3610 920 3692 palam
940 3627 1020 3669 soum
1050 3607 1243 3688 intemperiem

117 3687 247 3770 prodant,
266 3688 316 3751 sed
336 3687 404 3752 lenti
423 3690 489 3764 sint,
508 3698 537 3750 et
557 3692 638 3770 qnasi
657 3689 795 3770 reptando
815 3692 844 3751 in
865 3690 982 3770 longum
1001 3696 1114 3769 tempus
1135 3686 1244 3767 prospi-

108 3769 204 3829 ciant:
223 3770 290 3848 qaia
310 3775 406 3829 tamen
425 3789 483 3830 non
503 3772 612 3832 minore
632 3772 791 3850 arrogantia
811 3771 975 3840 decernam,
994 3773 1158 3848 contempto
1172 3763 1244 3840 Deo,

87 3847 90 3855 '
137 3847 184 3908 uid
203 3856 271 3929 post
289 3848 387 3911 decem
407 3855 436 3909 et
455 3851 553 3930 viginti
572 3869 661 3910 annos
688 3851 787 3910 tamari
810 3851 883 3920 siut,
913 3850 970 3908 acsi
993 3848 1075 3918 coelo
1099 3852 1128 3905 et
1152 3851 1245 3903 terrae

115 3869 338 4006 dominarentur,
366 3927 474 4024 lapides
493 3925 612 3998 aedilicii
631 3931 675 3991 sui
693 3928 829 3990 fundandi
850 3947 934 3988 causa
953 3929 1060 4008 iaciunt
1078 3925 1108 3986 in
1127 3923 1242 4004 protun-

115 4005 184 4066 dum
203 4027 292 4069 mare.
309 4007 410 4089 Atque,
430 4010 455 4068 si
474 4007 554 4068 Deus
575 4015 689 4068 centum
709 4009 763 4069 illis
783 4010 857 4068 vitas
876 4014 1020 4090 proroget,
1039 4023 1187 4085 nunquam
1206 4001 1243 4062 ad

4 4143 5 4156 ,
113 4085 292 4167 superficiem
311 4088 485 4168 pervenient.
505 4085 592 4162 Quod
612 4087 636 4146 si
657 4087 721 4147 Deo
741 4109 771 4148 se
791 4087 854 4168 quis
874 4087 1009 4156 subiiciat,
1030 4085 1152 4164 primum
1172 4079 1244 4140 nibil
1265 4143 1269 4151 ,

112 4171 263 4246 appetens,
292 4165 393 4227 deinde
412 4185 442 4226 so
462 4167 608 4228 continens
627 4168 656 4228 in
676 4188 729 4229 sna
749 4167 882 4242 modulo,
911 4186 976 4232 cum
999 4163 1109 4224 Davide
1128 4162 1242 4243 planam

112 4253 142 4306 et
157 4245 334 4328 aequabilem
352 4247 428 4308 viam
448 4245 564 4308 tenebit.

198 4393 229 4460 2.
264 4393 299 4460 Si
321 4415 387 4463 nou
410 4393 502 4486 posui
525 4403 558 4461 et
580 4393 716 4484 quietam
738 4393 826 4462 tenni
849 4392 985 4460 animam
1008 4413 1127 4474 meam,
1161 4395 1242 4458 dent
