2884 4886
455 331 459 343 ,
512 309 554 348 rra
583 309 664 348 raa
680 309 697 351 a
711 309 742 350 aa.
770 311 875 354 cxvrra.
1210 317 1261 374 321

122 431 167 492 eia
187 429 312 510 quaein
331 446 419 492 mane
437 429 554 492 lundata
572 429 633 493 iactr
652 431 719 495 Deo
738 440 834 495 anem
854 435 980 518 propitio
998 453 1079 496 more
1098 454 1214 520 quoque
1233 391 1264 503 iii

120 513 213 574 vitam
233 515 369 571 verim.
1039 539 1043 552 '
1167 563 1169 566 ·

214 677 267 747 10.
288 673 412 743 Omnes
434 683 544 767 gentes
566 675 838 746 circumdederunt
859 701 921 762 me,
942 678 1116 749 innomine
1126 680 1273 768 lebovae,

121 791 207 852 certe
229 779 373 850 excidam
395 804 458 850 eas.
504 783 556 851 11.
578 781 862 857 Circumdederunt
883 810 950 870 me,
978 787 1072 856 etiam
1089 787 1262 858 circumde

121 888 240 956 demat
266 910 335 972 me,
361 887 395 954 in
421 887 553 956 nomine
574 885 710 958 lebovae
731 899 816 959 certe
838 892 981 960 excidam
1002 916 1066 961 eae
1113 895 1165 964 12.
1199 895 1264 963 Cir-

123 993 354 1060 cumdederunt
375 1015 428 1084 me
450 992 531 1060 sicin
548 1015 633 1087 apes,
654 995 812 1064 extinctae
833 1007 909 1065 sunt
931 1008 967 1065 ut
988 999 1068 1092 ignis
1090 1000 1263 1092 apinamm,

122 1098 158 1166 in
180 1098 311 1188 nomine
332 1097 468 1169 Iebovae
490 1110 575 1168 certe
597 1099 740 1169 excidam
762 1126 826 1172 eas.
872 1105 924 1176 13.
945 1103 1141 1197 impellendo
1162 1109 1262 1200 impu·

121 1205 186 1274 liali
206 1229 260 1274 me
281 1215 319 1274 ut
339 1205 493 1287 caderem,
514 1217 547 1274 et
568 1204 686 1275 tehova
707 1207 825 1277 adiuvit
847 1233 909 1277 me.
945 1204 996 1285 14,
1019 1210 1130 1282 Robur
1150 1238 1261 1301 meum

121 1322 156 1384 et
177 1311 333 1381 canticum
354 1337 459 1380 meum
480 1309 581 1395 Deus,
603 1322 636 1380 et
657 1311 716 1380 luit
736 1313 814 1382 mibi
834 1316 868 1383 in
890 1315 1034 1386 salutem.
1297 1316 1299 1333 '

114 1509 121 1524 .
203 1461 251 1520 10.
273 1459 381 1518 Omnea
398 1465 517 1540 genten,
542 1455 757 1520 Commemorat
775 1457 820 1520 bia
840 1460 970 1521 veraibua
988 1473 1075 1543 quarn
1095 1463 1260 1526 mirabiliter

122 1544 238 1619 metue
256 1536 356 1612 luerit,
382 1544 415 1596 ut
438 1544 518 1597 certo
537 1545 693 1617 agnoscant
713 1557 826 1610 omues,
851 1539 1046 1602 liberationem
1065 1562 1140 1622 quae
1159 1543 1258 1604 hunre-

59 1673 61 1676 .
121 1621 200 1680 uitus
218 1619 383 1712 contingere
401 1637 461 1677 nou
481 1619 590 1698 potuit,
614 1637 682 1713 vere
702 1619 789 1680 luisse
809 1619 949 1714 divinam
978 1624 1082 1702 repetit
1101 1625 1177 1684 enim
1197 1643 1258 1684 cae·

121 1717 198 1838 tit
216 1695 1258 1859 'titt'iitttt’,tentationi'bituiti

121 1877 189 1918 eum
207 1861 318 1918 teneret
337 1855 584 1936 comprehensum,
607 1863 642 1917 ut
661 1859 740 1919 nulla
758 1865 870 1939 pateret
888 1861 993 1934 evasio,
1013 1859 1091 1922 nulla
1111 1861 1188 1923 aalua
1207 1865 1259 1922 ali-

121 1938 199 1998 unde
258 1955 305 1998 am
324 1955 342 1998 e
361 1937 446 1998 coeto·
462 1937 614 2017 provenire
632 1940 735 2018 potuit.
765 1937 915 2012 Ceterum,
940 1941 1020 2019 quod
1058 1949 1139 2002 eutee
1158 1961 1259 2003 omnee

121 2017 176 2078 nbi
194 2020 224 2078 iu
236 2023 310 2078 eatae
329 2013 417 2078 irrisae
436 2017 635 2096 conqueritur,
666 2016 721 2076 boe
740 2019 855 2097 quidam
875 2019 1002 2078 referunt
1020 1963 1058 2080 ad
1077 2022 1187 2082 vicinos
1207 2041 1258 2102 po·

144 2098 218 2171 ulca,
236 2116 254 2156 a
273 2096 376 2178 quibua
396 2095 637 2175 undiqueDavidi
656 2095 743 2154 iuisae
753 2096 921 2234 (fericulum
941 2102 1055 2158 scimur.
1076 2099 1142 2160 Meo
1161 2108 1257 2161 tamen

121 2177 226 2238 rudicio
246 2177 410 2257 aimpliciter
428 2173 560 2254 intelligit
574 2181 667 2235 tetum
683 2193 751 2236 mun

121 2258 207 2317 ιιιιὶιιι
226 2252 283 2317 Dei
306 2255 444 2316 auxilium
468 2253 581 2334 capituli
604 2261 634 2314 et
658 2247 766 2315 luribao
791 2257 858 2314 odio
884 2259 1004 2336 opponit
1024 2277 1083 2339 quo
1103 2279 1169 2318 eum
1190 2279 1257 2340 pro·

121 2335 313 2418 sequebantur
331 2341 390 2396 taur
431 2333 563 2414 epulares
583 2353 670 2413 quam
690 2335 789 2407 vieini,
820 2341 852 2394 ut
875 2335 972 2395 nullus
992 2337 1112 2418 angulus
1132 2339 1161 2397 in
1181 2346 1257 2400 terra

121 2425 202 2479 tutae
226 2417 252 2477 ei
275 2415 357 2476 foret.
429 2415 539 2474 uamvia
562 2417 638 2473 euim
662 2417 805 2474 exereitus
834 2434 872 2476 ex
902 2414 1030 2496 pluribus
1059 2418 1173 2498 populis
1198 2437 1258 2478 uon

773 2196 821 2235 um
836 2176 889 2236 eibi
901 2176 988 2237 luisse
1002 2178 1169 2239 adversum:
1189 2182 1258 2260 quia

121 2499 229 2560 luerint
248 2497 360 2556 collecti
378 2497 415 2554 ad
435 2514 502 2556 eum
522 2492 721 2554 obeidendum:
769 2495 813 2554 uia
838 2502 934 2555 tamen
959 2496 1039 2556 nulla
1063 2499 1116 2556 uisi
1136 2495 1166 2556 iu
1187 2496 1258 2558 late·
1297 2555 1300 2562 ,
1347 2542 1349 2548 1

121 2579 180 2640 bria
199 2576 324 2637 ferarum
383 2575 439 2635 icta
458 2579 520 2634 erat
539 2574 638 2647 etalio,
666 2573 725 2633 imo
751 2575 758 2590 ‘
783 2576 829 2633 inc
848 2594 965 2656 quoque
984 2582 1064 2636 namu
1083 2577 1259 2658 abigebatur,

120 2667 153 2720 et
170 2661 317 2738 quotquot
335 2593 413 2714 ‹qrffi
432 2660 527 2726 mant,
551 2653 668 2712 totidem
693 2653 824 2714 cernebat
848 2655 980 2736 laqueosa
1008 2675 1067 2716 non
1092 2659 1196 2717 mirum
1215 2666 1260 2719 eet

120 2741 146 2800 ai
166 2739 241 2798 dicat
260 2734 465 2796 circumdatum
485 2753 516 2793 ae
535 2732 622 2792 laicae
641 2731 677 2792 ab
697 2733 832 2793 omuibua
852 2734 973 2816 populis.
1005 2733 1143 2816 Eeliptica
1163 2744 1259 2798 autern

120 2817 253 2898 loquutio
278 2815 343 2896 plue
367 2813 454 2875 habet
473 2812 684 2886 vehementiae,
712 2833 799 2894 quam
829 2816 853 2875 ai
878 2815 995 2883 dixisset
1019 2833 1051 2875 ae
1075 2831 1205 2896 operasse
1229 2819 1259 2878 in

119 2899 197 2972 Deo,
216 2902 245 2954 et
264 2895 320 2955 boo
338 2894 424 2954 modo
445 2895 592 2953 victoriam
612 2911 674 2954 eaae
693 2895 836 2973 adeptum.
867 2893 940 2966 Nam
962 2894 1056 2956 colum
1076 2899 1260 2958 Dei¹oonaen

121 2981 153 3039 in
173 2975 298 3038 medium
318 2973 472 3055 proferena,
491 2991 523 3032 ee
542 2973 604 3031 aliia
623 2974 713 3052 copiia
732 2976 903 3035 instructum
923 2975 1010 3036 iuiasc
1029 2981 1122 3056 negat,
1143 2983 1176 3035 ut
1196 2997 1273 3059 per-q

122 3059 248 3120 eundum
269 3063 347 3114 certe
371 3055 469 3126 luerit,
494 3053 550 3112 uiai
570 3050 650 3110 Deua
670 3071 745 3112 nuuc
765 3073 849 3133 opem
869 3055 987 3115 iuliaaet
1024 3052 1259 3125 Particularia:
1327 3099 1334 3134 ,

122 3127 291 3199 ailirrna'tive
300 3141 410 3197 vertere
429 3134 549 3214 placuita
568 3131 622 3192 aed
639 3131 696 3191 boe
714 3151 808 3206 aeneo,
829 3133 970 3210 Quamvis
989 3135 1115 3214 undique
1136 3138 1189 3195 sim
1210 3136 1259 3195 ob·

122 3237 216 3280 meua
241 3234 259 3276 a
283 3215 405 3288 mundo,
434 3220 546 3273 tantum
570 3211 640 3271 mibi
664 3219 812 3272 succurrat
832 3212 886 3272 Dei
906 3217 1026 3288 rubra,
1043 3221 1119 3274 certe
1138 3233 1172 3274 ea
1192 3217 1259 3275 aetia

121 3317 137 3358 a
193 3315 266 3378 rque
283 3294 391 3354 valebit
409 3293 445 3352 ad
465 3311 565 3352 omnea
585 3293 684 3352 boatca
703 3300 783 3351 meda
803 3293 970 3372 perdendos.
1005 3292 1095 3371 Quod
1115 3296 1199 3353 toties
1219 3296 1260 3354 in·

121 3397 158 3438 cu
171 3384 217 3437 cat
237 3399 268 3437 ae
285 3377 501 3437 &renudatum
511 3375 623 3456 scien,
642 3373 672 3430 iu
692 3391 728 3431 eo
747 3374 916 3451 exprimitur
935 3374 1067 3452 pertinax
1081 3379 1115 3450 ,et
1134 3375 1259 3454 inexple

121 3444 182 3522 bile
200 3456 305 3516 odium.
345 3460 447 3535 Apum
465 3472 536 3513 vcro
560 3451 743 3514 similitudine
763 3469 899 3510 vesanum
919 3453 1049 3512 ardorem
1069 3458 1164 3512 notet:
1194 3455 1261 3532 quia
1290 3524 1292 3532 Α

121 3538 175 3599 etei
195 3537 300 3597 inillis
320 3535 488 3595 animalibus
507 3553 565 3592 uon
585 3539 697 3592 tantum
717 3537 761 3592 eat
779 3530 903 3604 roboria,
932 3534 1003 3592 mira
1028 3539 1122 3592 lamen
1148 3538 1192 3591 eat
1211 3551 1260 3591 cx·

98 3616 331 3678 ¹eaudoaoentia:
351 3622 381 3676 et
400 3614 470 3674 dum
489 3631 574 3674 caece
593 3614 703 3693 impetu
723 3613 844 3683 irruunt,
864 3629 924 3670 non
942 3628 1043 3690 parum
1058 3613 1186 3672 iniiciuut
1200 3618 1257 3670 ter-

120 3701 209 3758 rurla:
235 3695 328 3756 Paulo
347 3700 414 3775 poet
432 3701 528 3754 temen
546 3693 625 3754 addit
644 3699 790 3753 extinctos
806 3693 902 3769 suiaac
920 3700 1062 3774 lanqueum
1080 3700 1182 3774 ignem
1201 3701 1259 3772 api·

120 3799 244 3852 aarum,
274 3776 325 3855 qui
348 3775 402 3834 atei
425 3791 472 3834 ma
512 3793 560 3832 um
586 3774 726 3854 crepitum
751 3773 831 3830 initio
855 3771 927 3844 edit,
955 3779 988 3831 et
1005 3774 1126 3832 maiorea
1146 3771 1260 3851 proiicit

91 3859 249 3918 «flammae
269 3871 357 3934 quam
373 3871 415 3922 ¹ex
439 3793 531 3912 acido
555 3853 648 3933 liguo,
676 3871 747 3912 mcx
770 3858 868 3911 teman
893 3851 1024 3912 concidit.
1065 3849 1184 3910 Summa
1205 3857 1268 3925 eant

90 3993 93 4000 ι
118 3936 216 3996 besica
240 3934 419 3994 tumultuoae
442 3949 590 4012 aggreaaoa
614 3951 676 3994 caae
702 3930 858 4004 Davidem,
887 3932 937 3991 aed
966 3951 1067 3994 eorum
1092 3931 1258 3992 violentiam

118 4020 268 4077 momento
287 4012 359 4071 eolla
380 4029 442 4070 eam
461 4029 531 4070 ecee.
561 4009 662 4091 ltaque
681 4013 766 4072 tertio
786 4013 906 4093 repetit,
925 4009 1012 4072 modo
1032 4011 1106 4071 adsit
1125 4009 1256 4110 Deitrir·
1384 4009 1386 4014 '

118 4101 178 4170 tua,
197 4091 333 4174 quicquid
352 4033 439 4150 iirerit
456 4090 577 4163 adversi,
596 4093 691 4153 etatim
711 4110 866 4152 ceaaurum.
958 4108 966 4122 ¹

199 4177 247 4236 13.
272 4173 461 4254 impellendo.
491 4169 546 4230 Vel
565 4177 609 4229 eet
628 4171 765 4232 beterueia
786 4171 909 4232 numeri:
929 4171 976 4230 vel
995 4169 1114 4231 Saulem
1135 4170 1184 4250 qui
1205 4169 1255 4230 lro·
1380 4170 1388 4180 '

119 4255 205 4317 atium
225 4258 313 4338 caput
335 4257 410 4348 erat,
433 4251 599 4330 alloquitur.
647 4251 784 4348 (Jeterum
813 4254 843 4312 in
868 4269 990 4347 perrona
1015 4250 1099 4389 rareque
1124 4248 1257 4320 hominia,
1342 4335 1345 4352 Ι

118 4335 251 4397 omuibua
276 4334 361 4395 aianul
385 4331 517 4428 monitat:
541 4347 581 4426 'ae
604 4347 635 4391 ae
659 4333 818 4428 impulsum
834 4331 922 4429 imeae
939 4329 1037 4426 ¹praedi
1072 4347 1120 4404 ne,
1151 4328 1256 4391 latetur

118 4417 451 4558 qzifflfflffffl
466 4431 501 4554 ¹ale
519 4415 626 4472 virtute
645 4417 769 4490 mucce,
794 4418 877 4475 ereub
897 4431 946 4553 qqr
965 4427 1049 4490 parea
1068 4415 1135 4470 aunt
1156 4409 1191 4469 ad
1212 4427 1253 4470 re·
