2884 4886
171 269 226 326 296
599 263 888 312 aschetinus

130 408 134 416 ·
173 363 277 455 fiducia
302 409 390 472 ᾳιιιιιι
413 393 443 451 ie
463 387 528 450 Deo
553 387 664 462 locant,
693 405 780 468 snpra
804 361 913 448 ‹rnrrrcs¹
928 385 1087 452 oramate
1109 405 1142 446 ee
1157 385 1311 448 attollunt.

174 469 239 532 lloe
259 471 345 530 modo
365 476 474 532 mentes
494 469 617 547 retinent
636 475 752 548 pacatas
772 473 801 528 et
821 467 1003 546 compositas
1021 465 1116 526 donoc
1134 467 1231 530 veniat
1249 485 1311 528 ιιιι·

174 559 272 612 turum
293 550 410 610 ultionis
429 555 543 654 tempus
562 552 661 610 contra
680 544 829 628 reprobos.

261 733 294 800 9.
326 731 490 822 Dispersit,
513 729 599 797 dedit
619 729 819 822 pauperibus,
841 727 956 794 iustitia
980 727 1047 796 eius
1069 737 1189 820 perstat
1210 727 1243 794 in
1265 751 1310 797 se

174 837 297 908 culumz
320 860 420 908 cornu
442 835 510 903 eius
532 833 718 918 exaltabitur
739 834 773 902 in
795 832 904 925 gloria.
928 833 979 900 10.
1001 831 1121 924 Impius
1138 833 1256 902 videbit
1278 846 1310 904 ct

63 1011 66 1022 ,
172 945 337 1025 irascetur,
364 941 510 1010 dentibus
530 943 598 1011 suis
619 939 733 1010 tremet
753 950 786 1010 et
806 939 963 1008 tabescet:¹
989 938 1181 1008 desiderium
1202 939 1311 1033 impio·

114 1115 123 1128 ,
172 1071 244 1118 ιιιιιι
266 1046 386 1141 peribit.
417 1126 420 1134 f
931 1071 932 1076 ¹

252 1197 280 1256 9.
300 1197 457 1274 Dispersa.
474 1189 603 1253 tionum
618 1189 851 1252 affinnatlructu
867 1197 897 1253 et
907 1191 1042 1252 mercede
1051 1209 1120 1252 suae
1134 1190 1308 1253 liberalitatis

32 1338 36 1360 ἡ
162 1257 318 1353 haudquam
338 1271 580 1334 lrandaritiuatos.
620 1272 665 1332 Ac
688 1271 782 1350 primo
802 1267 917 1350 quidem
931 1269 1097 1351 ,spargendi
1116 1270 1207 1335 verbo
1226 1272 1310 1366 sigui·

172 1351 241 1414 fleat
260 1351 422 1433 Propheta,
452 1371 512 1416 non
536 1351 660 1412 tenear
680 1355 783 1410 esset
800 1349 926 1430 maligne
944 1369 1063 1430 erogare
1083 1349 1242 1430 pauxillum
1260 1351 1311 1411 alr·

173 1432 257 1513 quid,
288 1430 529 1513 quemadmodum
553 1430 637 1490 multi
660 1431 763 1509 exigua
787 1429 862 1507 stipe
885 1428 1003 1510 defungi
1021 1430 1125 1490 volunt
1148 1447 1215 1510 erpa
1240 1449 1310 1510 pau·

171 1511 340 1593 percerned
360 1510 600 1592 copioselargiri,
620 1516 761 1590 qnantum
780 1509 887 1568 scilieet
906 1511 1033 1589 postulat
1054 1529 1131 1584 usus,
1155 1515 1186 1570 et
1204 1511 1313 1590 patitrir

159 1609 274 1664 ⁸porutn
299 1590 434 1664 facultas,
463 1589 525 1650 lieri
548 1590 626 1648 enim
645 1589 755 1672 poterit
778 1595 811 1648 ut
836 1587 943 1648 liberali
967 1591 1063 1650 animo
1077 1600 1148 1648 'non
1177 1595 1313 1670 suppetat

74 1717 77 1724 ⁴
172 1687 270 1732 rerum
290 1668 470 1730 abundantia.
490 1667 548 1729 Sed
562 1673 674 1728 tantum
689 1667 828 1748 signifieat
841 1665 994 1747 Propheta,
1015 1669 1230 1730 restrictosnon
1248 1685 1313 1728 esse

78 3459 82 3480 .
173 3417 293 3480 attollet.

172 1749 264 1809 iustos
285 1751 353 1830 quin
374 1752 465 1830 parati
484 1749 542 1807 sint
560 1747 597 1808 ad
616 1745 817 1829 spargendum.
838 1744 950 1807 Deinde
969 1747 1055 1809 simul
1074 1747 1152 1808 addit
1169 1755 1312 1830 preceperi-

172 1830 225 1888 tus
244 1851 293 1888 eoa
313 1831 437 1910 lurgtrt,
463 1827 623 1909 significans
649 1847 709 1888 non
728 1833 836 1887 temere
856 1844 908 1886 sna
928 1828 1079 1920 prolicere,
1108 1827 1159 1887 sed
1178 1827 1312 1888 adhibere

172 1905 354 1989 prudentiam
373 1915 403 1968 et
421 1907 572 1981 delectum,
591 1911 625 1966 nt
643 1907 804 1968 necessitati
822 1904 999 1968 subveniant
1030 1905 1143 1966 Scimrn
1163 1925 1182 1966 a
1200 1907 1310 1968 mundo

173 2005 259 2066 saepe
281 1987 394 2047 <laudari
418 2003 611 2067 supervacuos
635 1993 665 2046 et
690 1987 850 2067 superfluos
873 1993 1019 2066 sumptus,
1049 1987 1099 2066 qui
1123 1986 1198 2046 liunt
1221 1985 1314 2046 vanae
1422 1999 1423 2024 ι

173 2067 371 2127 ostentationis
391 2083 492 2141 musa,
516 2067 613 2146 itaque
637 2066 772 2146 centuplo
798 2065 864 2145 plus
887 2063 1031 2126 honoram
1056 2063 1313 2146 dilapidatione,

172 2145 220 2228 vel
245 2145 377 2220 ambitio,
405 2165 492 2226 quam
516 2145 663 2206 moderata
687 2143 839 2206 liberalitas
860 2143 1010 2226 dispenset.
1052 2144 1197 2226 Propheta
1215 2152 1314 2205 autem
1422 2143 1423 2216 ζ

40 2279 43 2288 ,
171 2223 373 2286 beneticentiae
397 2224 510 2286 landem
534 2244 594 2284 non
617 2226 646 2284 in
670 2225 834 2305 promiscua
857 2224 1007 2304 largitione
1031 2226 1116 2285 sitam
1136 2243 1198 2284 esse
1217 2224 1313 2300 docet,

172 2304 222 2366 sed
243 2303 292 2364 ubi
312 2323 470 2386 pauperum
489 2304 603 2385 inopiae
622 2305 812 2379 succurritur,
832 2309 861 2363 et
880 2304 1059 2364 consumitur
1077 2307 1198 2384 pecunia
1216 2306 1247 2364 in
1266 2323 1314 2365 re-
1422 2351 1423 2364 ,

173 2391 236 2443 etos
262 2402 330 2444 usus
354 2402 388 2444 ac
411 2385 560 2469 legitimos.
602 2382 715 2444 Citatur
739 2382 787 2444 hio
810 2383 893 2443 locus
918 2381 1048 2468 ePaulo
1067 2389 1096 2445 2.
1122 2384 1159 2444 ad
1178 2383 1312 2456 Corinth.
1361 2447 1363 2452 ,

173 2465 265 2544 capite
281 2469 310 2537 9,
330 2481 404 2525 vers.
420 2468 449 2526 9.
471 2463 673 2525 nbi-admonet
691 2462 758 2524 Deo
778 2469 944 2543 promptum
963 2481 1026 2525 csse
1045 2469 1078 2524 ut
1097 2463 1179 2524 nobis
1199 2466 1314 2544 copiam

171 2543 349 2624 suppeditet,
377 2542 453 2604 ιιιιᾶε
477 2545 550 2604 tluat
574 2543 685 2623 aequali
711 2562 798 2604 cursu
823 2542 989 2603 liberalitas:
1018 2542 1096 2622 quod
1118 2545 1315 2624 optimeeum

172 2630 269 2683 mente
287 2621 448 2704 Prophetae
468 2623 597 2761 sinedrae
624 2621 712 2700 Quod
731 2629 833 2703 postea
853 2625 990 2702 sequitur,
1009 2631 1155 2684 iustitiam
1174 2623 1239 2684 tatis
1257 2624 1316 2684 viri

171 2724 289 2764 muare
303 2713 457 2784 perpetuo,
497 2701 606 2764 ilariam
626 2708 729 2782 potest
741 2703 852 2782 accipi..
882 2703 958 2780 Quia
978 2705 1053 2762 enim
1073 2703 1186 2763 virtutis
1205 2721 1319 2794 namara

171 2801 230 2842 non
251 2787 376 2842 meretur
394 2784 517 2863 impetus
537 2781 585 2843 illc
603 2781 777 2856 ambitionis,
800 2782 851 2865 qui
872 2781 1007 2874 profanos
1027 2781 1156 2842 homines
1176 2783 1213 2842 ad
1233 2782 1314 2842 dissi·
1422 2797 1423 2810 ¹

192 2861 299 2920 andum
321 2862 435 2935 incitat,
464 2881 524 2922 non
549 2862 624 2922 male
646 2861 797 2922 conveniet
817 2867 988 2922 continuum
1013 2869 1145 2922 tenorem
1164 2861 1274 2922 landari
1293 2881 1315 2922 a
1422 2921 1423 2932 ,

171 2881 332 3020 i‘ropheto:
357 2940 441 3002 sicuti
467 2941 548 3020 prius
572 2939 653 3014 dixit,
680 2942 772 3001 iustos
792 2942 884 3000 metiri
903 2960 972 3000 suas
997 2943 1120 3002 rationes
1144 2942 1175 3000 in
1197 2943 1314 3002 iuditio.

172 3017 206 3078 Si
226 3019 290 3098 quis
310 3025 405 3080 tamen
425 3019 548 3080 iustitiae
567 3019 695 3080 fructum
713 3019 892 3100 interpretari
911 3020 1005 3092 malit,
1023 3019 1146 3082 libenter
1164 3022 1316 3084 assentiar.

172 3097 212 3159 lit
231 3101 310 3160 certe
329 3097 441 3159 videtur
460 3117 523 3158 esse
542 3097 683 3172 eiusdem,
707 3119 794 3180 quarn
817 3119 910 3180 nuper
929 3099 1066 3176 vidimus,
1092 3103 1247 3162 sententiae
1266 3121 1318 3162 re-

172 3177 282 3258 petitio.
303 3174 408 3238 Postea
427 3177 550 3238 ostendit
570 3175 716 3259 Propheta
735 3179 881 3259 quomodo
901 3181 1024 3240 iustitiae
1043 3199 1112 3242 suae
1130 3181 1248 3242 laudens
1265 3181 1317 3241 he-
1422 3165 1423 3192 ³

172 3256 283 3318 ncliciis
301 3254 382 3316 Deus
402 3264 517 3330 asserat,
536 3274 571 3316 ac
590 3257 720 3318 mercede
738 3277 798 3318 non
816 3258 980 3319 frustretur:
1003 3262 1074 3340 ¹quia
1093 3259 1199 3320 scilicet
1218 3283 1318 3321 omen
1422 3255 1423 3336 l

172 3355 297 3412 eonem,
321 3335 377 3397 hoc
405 3343 449 3398 est
472 3336 580 3419 robur,
604 3337 670 3398 rel*
684 3351 855 3422 prosperum
883 3343 1005 3414 datum,
1038 3341 1129 3419 magis
1159 3359 1194 3400 ac
1221 3341 1316 3420 magis
1422 3343 1423 3364 ¹

255 3499 304 3558 10.
324 3497 563 3577 Imptusatdettt.
583 3494 721 3578 Sequitur
740 3496 887 3558 antithesis
907 3498 1153 3578 qualemvidbnus
1162 3461 1316 3571 beares.

173 3591 249 3737 ἴε
269 3576 364 3655 magis
379 3577 503 3637 illustrat
522 3576 579 3636 Dei
599 3579 719 3658 gratiam
739 3597 806 3656 erga
828 3577 933 3638 lideles.
975 3577 1108 3660 intelligit
1127 3585 1223 3638 autern
1244 3577 1320 3639 Pro-

215 3661 276 3728 ιιι,
305 3658 437 3735 quamvis
461 3658 565 3735 procul
589 3661 705 3718 omnem
725 3657 835 3737 pietatis
856 3677 970 3716 sensum
989 3677 1006 3717 a
1026 3677 1058 3718 se
1077 3659 1206 3718 rciioiaot
1217 3641 1316 3738 impii,
1422 3711 1423 3716 ,

173 3755 210 3795 ne
231 3732 327 3794 Deum
347 3737 509 3796 existiment
528 3723 621 3796 rehus'
632 3737 765 3796 humanis
785 3753 925 3816 praeesse:
946 3757 1079 3798 sensuros
1099 3746 1204 3808 umen,
1224 3737 1317 3798 uelint

173 3815 282 3890 nolint,
308 3815 399 3874 iustos
419 3834 478 3876 non
497 3816 602 3876 frustra
622 3835 653 3876 se
672 3815 805 3876 addicere
822 3815 878 3876 Dei
897 3817 1016 3896 irnperio
1036 3817 1072 3878 ad
1092 3817 1240 3878 colendam
1260 3817 1318 3876 hu-

174 3896 346 3955 manitatem.
374 3891 567 3972 Quantumvis
588 3915 656 3976 ergo
674 3915 707 3954 se
726 3894 877 3966 obdurent,
897 3897 1057 3961 mercedem
1077 3897 1319 3977 quamrependit
1422 3921 1423 3932 ι

155 3973 255 4034 ‘Dens
275 3973 341 4036 liliis
361 3976 435 4049 suis,
460 3975 638 4035 manifestam
662 3975 717 4034 illis
736 3975 799 4034 fore
815 3975 899 4047 dicit,
923 3996 1007 4055 quae,
1019 3977 1055 4035 ad
1073 3977 1225 4036 stridorem
1246 3975 1315 4034 den·

174 4053 245 4112 tium
265 4061 360 4136 cogat,
380 4061 409 4113 et
429 4056 505 4114 lenta
525 4053 732 4113 invidiao'tuhe
750 4056 829 4132 ipsos
850 4054 988 4114 confidat.
1015 4055 1144 4116 Taodmn
1157 4056 1242 4116 addit
1260 4063 1316 4116 tro-

72 4199 75 4210 *
170 4139 242 4213 pios
251 4135 443 4214 frustratum
461 4141 502 4194 tri
521 4142 585 4192 auis
602 4137 819 4213 crepiditotttus.
840 4131 912 4194 Nam
933 4155 1023 4214 quum
1043 4137 1100 4195 sint
1118 4135 1315 4214 inexplebiles,

175 4221 205 4269 et
220 4211 275 4270 hoc
286 4213 331 4270 vel
346 4213 416 4272 illud
432 4213 551 4272 subinde
567 4221 710 4293 appetant,
731 4231 789 4272 nou
809 4215 910 4274 minus¹
921 4223 1016 4275 tamen
1026 4215 1194 4274 .audax,est
1213 4234 1317 4274 eorum

176 4289 361 4363 confidentia,
382 4311 470 4371 quam
489 4291 602 4351 eticonis
623 4293 770 4371 cupiditas,
798 4295 837 4352 ita
857 4293 892 4353 tit
911 4301 944 4353 ut
962 4302 1054 4362 totum
1070 4293 1211 4372 mundum
1226 4293 1316 4354 stalla

177 4382 229 4450 spe
248 4365 361 4478 haurire
381 4383 440 4432 non¹
460 4370 597 4432 dubitent.
638 4371 729 4454 etqui
748 4372 995 4455 dccetl’ropbcta
1014 4383 1146 4456 ereptum
1164 4373 1314 4436 illin'lria
