2890 4886
518 296 564 342 ΙΙ
589 293 752 342 Pulsi.
779 295 863 344 ΧῦΙΧ.

449 641 779 714 PSALMUS
822 640 940 714 XCIX.

121 815 188 858 m.
202 811 310 858 Psalmo
322 812 357 858 ets
370 827 386 858 s
394 814 548 872 “prioribus
560 815 584 858 ie
595 828 638 858 sne
656 813 749 874 differt,
766 813 825 872 quod
840 826 929 870 regne·
941 813 985 856 Dei
1000 816 1023 856 et
1040 811 1191 856 umbedine·
1203 826 1258 871 que

201 883 252 926 inde
265 885 416 941 correp-true,
429 883 490 928 serra
502 885 661 938 ledaeuflsses
674 899 715 926 soe
728 884 836 927 arcadii.-
853 884 893 928 sed
900 884 978 940 portu
992 881 1018 924 ob
1032 883 1157 938 adeptionis
1167 879 1258 940 privile·
1364 917 1369 934 ,

201 955 276 1008 εἰη,
292 953 353 1004 filios
366 953 468 998 Arsesa·
481 968 496 998 s
508 953 599 1014 reliq-to
613 953 719 998 Gentiles
731 969 849 1012 separese,
867 953 919 998 illos
931 953 1072 1010 peculiariter
1084 953 1115 996 ed
1124 950 1196 1020 ¹lires·
1208 954 1256 998 los-

202 1023 295 1066 enen
307 1023 442 1066 cestinelet.
861 1039 863 1044 ·

169 1153 201 1222 1.
224 1151 343 1222 lebove
364 1163 484 1246 regnet,
506 1154 749 1223 contremiscent
769 1153 895 1248 populis
917 1153 1060 1222 bebitens
1080 1161 1167 1224 inter
1179 1153 1258 1224 Che

121 1259 426 1351 rubim,]moveetur
446 1271 538 1329 testu
582 1261 615 1329 2.
647 1257 765 1328 lebera
786 1259 822 1328 in
842 1259 921 1329 Sion
942 1283 1084 1352 magnus,
1107 1271 1140 1330 ct
1160 1260 1260 1331 excel·

121 1389 180 1436 sus
201 1365 272 1458 ipse
292 1387 388 1458 super
415 1389 529 1436 omnes
550 1367 679 1436 Gentes.
723 1367 756 1434 3.
789 1364 1034 1436 Confitebuntur
1059 1369 1259 1436 nominituo

122 1493 251 1564 magno,
273 1481 306 1539 et
324 1471 467 1540 terribili:
489 1482 633 1540 sendum
655 1481 715 1540 est.
753 1466 784 1538 4.
812 1470 855 1540 Et
876 1474 973 1540 robur
994 1473 1089 1565 Regis
1109 1473 1260 1542 iudicium

117 1575 238 1673 ‚diligis
265 1585 302 1645 tu
323 1577 458 1647 statuisti
479 1577 693 1664 rectitudines,
713 1575 865 1646 iudicium
886 1589 919 1650 et
940 1579 1090 1648 iustitiam
1110 1579 1145 1648 in
1166 1578 1259 1648 Iacob

121 1681 167 1752 tu'
181 1676 290 1752 lebisti.
835 1707 837 1716 ·

203 1869 233 1928 1.
263 1867 374 1926 lebera
392 1875 510 1948 regnet.
550 1864 674 1928 'I'entum
700 1865 824 1950 populos
848 1864 928 1928 iubet
951 1866 1168 1928 contremiscere
1186 1885 1261 1948 quos

144 1944 205 2004 rius
224 1943 262 2006 sd
280 1945 417 2005 loetitiem
429 1946 558 2007 recubet.
579 1945 654 2007 Nom
674 1949 741 2030 quie
761 1947 888 2026 undique
907 1945 1012 2006 obsessi
1032 1946 1161 2008 hostibus
1180 1952 1261 2007 erent

140 2023 238 2100 ndeei,
268 2043 285 2083 o
354 2043 371 2084 e
396 2027 519 2106 pretium
542 2026 599 2086 init
617 2025 674 2088 Dei
697 2029 856 2108 potentium
880 2045 895 2085 e
917 2025 956 2085 ud
980 2025 1058 2104 ipsos
1076 2025 1198 2100 extolli,
1227 2031 1261 2086 ut

124 2105 232 2164 seirent
259 2104 269 2163 i
294 2105 337 2162 'us
366 2106 508 2185 praesidio
537 2123 568 2165 ee
593 2112 693 2165 eontra
716 2107 845 2166 omnium
871 2045 936 2164 odis
959 2110 989 2164 ct
1012 2105 1122 2168 lusores
1147 2123 1261 2186 semper

124 2190 205 2244 tutos
223 2182 295 2244 iore.
315 2179 444 2243 Verbum
464 2189 531 2258 lb'i,
555 2189 590 2244 ui
608 2183 674 2246 olibi
692 2184 826 2258 vidimus,
843 2201 922 2272 pune
939 2185 1164 2256 contremiscere,
1184 2202 1261 2245 nune

126 2264 213 2324 iresci
230 2261 366 2324 Hebraeis
385 2262 540 2342 significet:
559 2263 681 2344 denique
699 2263 821 2324 retertur
840 2263 876 2323 sd
891 2263 1047 2344 quemlibet
1059 2269 1180 2338 motum,
1199 2265 1261 2335 sive

128 2361 168 2404 ex
191 2341 333 2403 becundie
357 2349 503 2416 umectus,
533 2343 594 2404 sive
617 2362 655 2403 ex
675 2343 786 2404 timore.
810 2340 925 2426 linque
943 2361 1021 2404 nune
1038 2343 1169 2424 intelligit
1188 2342 1260 2404 Pro·

126 2421 224 2504 pheta,
244 2417 339 2482 Deum
358 2423 388 2482 iu
405 2417 572 2484 liberatione
591 2421 673 2484 electi
692 2423 794 2504 populi
807 2422 943 2482 virtutem
958 2421 1167 2504 pstelseturuns
1187 2441 1262 2504 quse

126 2500 282 2562 conturbet
305 2519 405 2572 omnes
425 2499 548 2578 Gentes,
572 2521 679 2582 easque
702 2501 818 2562 tundens
842 2519 973 2561 sensuros
1032 2509 1168 2584 sntopere
1186 2503 1261 2564 inse·

73 2626 77 2637 .
124 2580 232 2643 uierint
250 2581 281 2642 in
301 2599 383 2666 susm
406 2583 571 2662 perniciem.
612 2579 726 2642 Dicitur
749 2583 825 2642 enim
850 2591 970 2662 regesto
989 2521 1083 2654 libus,
1112 2578 1263 2644 bominum

123 2666 269 2740 respectu,
289 2659 358 2721 dum
377 2679 409 2722 se
426 2659 584 2741 msgmlids
604 2663 748 2743 potentiue
767 2661 945 2722 documentis
963 2663 995 2722 in
1009 2661 1130 2729 sublime
1143 2661 1261 2724 attollite

124 2741 195 2881 Ἥ
215 2737 285 2800 dum
303 2759 391 2880 topem
409 2758 491 2802 suem
510 2740 649 2817 occultet,
672 2741 806 2804 sudscius
830 2741 1009 2825 proterviunt
1028 2741 1179 2818 increduli,
1202 2741 1263 2824 sesi

122 2841 142 2882 n
186 2839 222 2879 us
240 2838 302 2880 esee
705 2861 708 2864 -

206 2905 236 2962 2.
265 2901 377 2961 nrm
393 2909 428 2962 ss
446 2903 531 2964 sen.
549 2877 704 2964 'eumn
723 2907 767 2962 sss
784 2901 834 2962 sna
853 2902 934 2962 eurus
953 2902 1082 2979 memini,
1106 2885 1267 2978 antennas
1304 2969 1307 2978 ,

126 2977 226 3040 Deum
246 2997 308 3040 esse
326 2999 464 3062 magnum
481 2983 513 3042 in
531 2979 603 3042 Sion
615 2982 658 3052 ¹ed
679 2982 838 3062 perdendos
855 2987 886 3044 et
903 2983 935 3042 in
953 2981 1074 3043 nibilum
1093 2982 1262 3063 redigendos
1303 2994 1308 3005 “

123 3057 273 3122 Eecleeiee
296 3077 365 3120 mse
387 3059 494 3122 hesim.
533 3058 623 3142 Quod
648 3065 743 3122 sutem
757 3061 846 3122 'addit
869 3063 1005 3124 continno
1028 3068 1097 3158 post
1117 3065 1262 3124 cerebrm

126 3161 297 3221 essentem
316 3161 415 3201 menes
428 3141 573 3222 populos,
597 3159 657 3200 non
679 3141 719 3200 ite
743 3139 828 3201 debet
846 3141 936 3237 accipi
955 3161 1038 3224 quau
1056 3142 1212 3224 praesident
1230 3143 1262 3202 in

126 3239 230 3280 eorum
253 3218 390 3292 salutem,
419 3219 470 3280 sed
495 3226 528 3281 ut
552 3219 670 3300 dissipet
695 3239 795 3280 eorum
815 3222 947 3294 consilis,
976 3227 1094 3281 conatus
1114 3220 1261 3296 disturbet,

125 3305 224 3360 iottm
242 3297 332 3358 robur
349 3305 470 3360 evertet.
488 3296 549 3360 lem
569 3297 649 3380 quod
668 3297 703 3358 dc
721 3301 889 3361 celebrum
909 3304 968 3361 Dei
985 3307 1104 3360 nomine
1123 3301 1261 3381 sequitur,

125 3377 329 3518 'tisbdt‘
345 3379 524 3541 ¹¹¹·th
545 3378 1262 3539 sistitis„delegissetis

126 3535 164 3598 ab
188 3535 319 3599 hostibus
362 3537 477 3608 evictis,
505 3538 573 3618 quis
597 3543 693 3599 temen
717 3538 778 3598 eius
802 3537 909 3619 glories
928 3535 1092 3618 obstrepere
1111 3557 1171 3599 non
1188 3539 1260 3600 desi·

125 3621 217 3691 nunt,
240 3621 328 3697 etque
345 3617 432 3676 etiem
451 3615 640 3698 blsepbcmies
657 3633 806 3694 evomere,
830 3617 886 3678 illis
909 3637 968 3678 uon
992 3624 1162 3698 congrueret
1181 3616 1262 3699 quod

127 3697 207 3772 dicit,
227 3694 412 3759 confitemini
430 3695 606 3756 nominiDci
621 3698 688 3776 quie
707 3703 837 3758 sunctum
856 3702 909 3757 est.
928 3696 1039 3758 Fideles
1058 3717 1126 3794 erpo
1147 3697 1262 3781 proprie

124 3773 302 3916 Ἄραψι.
322 3793 401 3916 qugd,
415 3775 457 3848 ¹sd
476 3773 533 3838 Dei
551 3795 658 3837 nomen
676 3784 779 3859 sponte
797 3775 997 3840 eelebrendum
1015 3778 1140 3860 cognitio
1159 3775 1261 3838 emeti-

213 3873 275 3916 esus
293 3875 350 3916 mer

207 3935 237 3997 4.
260 3937 304 3997 Es
321 3935 413 4018 sober
431 3939 538 4020 Regis
577 3935 679 3998 Posset
697 3955 760 3997 esse
778 3935 964 3997 comminutio
981 3937 1017 3998 ed
1037 3936 1134 3998 hostes
1153 3941 1261 3998 terrem

126 4015 195 4076 doe:
219 4015 279 4076 cesi
298 4014 520 4084 diceretDeuur
539 4015 706 4078 fortitudine
725 4024 868 4078 srmstum
887 4035 949 4077 esse
968 4017 1005 4078 ed
1025 4014 1201 4078 ulciscendus
1217 4016 1260 4076 in·

124 4095 229 4155 ierim:
254 4095 322 4174 quis
341 4096 477 4158 iustitium
496 4103 526 4156 et
545 4098 716 4175 eequitstem
737 4095 836 4176 diligit,
859 4095 918 4156 Sed
938 4097 1013 4157 mulo
1033 4095 1090 4156 boc
1108 4094 1144 4155 od
1162 4092 1260 4156 Eccle-

124 4175 200 4236 sim
218 4173 338 4250 reterre,
363 4176 441 4255 quod
461 4175 569 4236 seilicet
587 4192 621 4236 eo
640 4173 702 4256 lege
721 4176 811 4236 subsit
831 4173 887 4238 Dei
898 4175 1044 4256 imperio,
1068 4179 1101 4236 ut
1124 4173 1261 4236 iustitiam

124 4260 158 4315 et
175 4254 367 4334 integritatem
386 4255 470 4316 colet.
507 4253 575 4318 Nou
595 4253 670 4316 mele
687 4258 773 4316 etism
793 4255 946 4336 quedrsret
963 4254 1036 4315 slim
1055 4271 1166 4330 mosne,
1182 4255 1261 4316 nelos

125 4353 191 4395 esse
209 4335 357 4414 imaginsri
376 4337 558 4414 tyrannicum
577 4331 682 4394 inDeo
702 4337 864 4476 imffiium
885 4335 951 4414 quis
970 4340 1124 4414 perpetuus
1143 4352 1261 4396 censen·

124 4431 176 4476 sus
196 4414 235 4476 sit
251 4413 326 4476 inter
343 4415 503 4495 potentiam
521 4413 582 4476 etus
596 4415 709 4476 etreeti
762 4414 845 4476 ἰ.
864 4411 923 4476 Sed
937 4413 1007 4476 dum
1023 4412 1153 4496 expendo
1167 4419 1262 4496 totum
