2890 4886
184 263 239 322 215
411 201 418 212 ι
610 263 891 307 acaunus
1054 275 1062 308 t

186 381 293 450 omnia
316 406 412 474 opera
434 383 503 452 elus
523 383 557 451 iu
578 383 827 454 erunibuslonis
849 379 1167 453 dominatiouiaeiuss
1187 379 1323 450 beneda

185 483 290 557 anima
312 513 383 558 urea
404 489 550 558 lehovae.
620 497 623 507 '
1047 507 1052 515 ’
1107 501 1111 512 ’
1161 567 1165 578 ⁴

266 633 313 696 19.
338 637 448 696 Iebooo
471 644 505 697 tra
528 637 623 696 boelis.
668 633 825 718 Postquam
849 633 947 696 retum
971 631 1068 694 David
1093 629 1150 693 Du'
1174 629 1324 706 meina,

186 710 290 794 quibus
309 719 369 772 tam
388 713 515 794 singulos
534 721 664 776 nostrum
683 715 736 777 sibi
756 715 914 795 obstringit,
940 730 1028 793 qoam
1051 719 1143 772 totam
1162 708 1324 772 Ecclesiam
1413 779 1414 786 ἵ

147 843 151 852 ,
185 792 379 873 prosequitur,
397 812 475 853 nunc
493 795 522 866 in
543 813 646 874 genero
664 795 777 856 extollit
786 797 952 855 immensam
971 793 1171 874 ciusglorism.
1199 789 1324 850 Summa

186 879 281 932 antem
305 878 362 945 est,
389 873 502 952 quoties
522 872 578 934 Dei
601 874 635 933 fit
654 876 771 951 mentio,
794 880 827 934 nt
846 873 955 932 discant
972 871 1104 932 homines
1122 869 1323 932 transcendere
1414 917 1415 922 1

185 957 278 1010 totum
299 950 451 1012 muudum:
473 953 539 1033 qnia
559 961 674 1034 superat
692 955 754 1014 aius
772 955 904 1014 maiestas
919 970 1018 1012 omues
1036 951 1148 1012 coelos:
1167 949 1272 1010 deiude
1290 954 1325 1009 ut

187 1029 297 1090 discant
320 1033 477 1110 potentiam
501 1032 562 1092 eiua
586 1051 645 1092 non
669 1035 763 1094 metiri
787 1031 914 1093 hnmano
938 1031 1041 1104 modo,
1064 1032 1133 1111 qnia
1152 1031 1248 1090 omnia
1269 1029 1324 1088 ins·

186 1109 264 1190 peria
284 1115 312 1170 et
332 1109 538 1171 dominationes
562 1110 616 1172 snb
641 1130 672 1172 sa
697 1113 834 1174 eontinet
875 1111 1043 1191 Ao·nequis
1062 1115 1177 1191 potarat
1194 1115 1326 1168 terrenas
1416 1119 1417 1140 l

188 1188 283 1248 solum
303 1195 446 1250 creaturas
466 1193 529 1270 cogi
548 1192 580 1251 in
594 1191 733 1264 ordinem,
752 1191 879 1271 Angelos
897 1191 975 1272 ipsos
994 1190 1145 1270 praecipuo
1158 1186 1325 1268 compellet.

187 1266 279 1327 Porro
305 1269 354 1329 eo's
380 1269 408 1328 iu
433 1271 599 1330 societatem
623 1271 758 1332 laudandi
777 1271 833 1330 Dei
858 1287 1012 1342 accersens,
1038 1284 1070 1329 ss
1087 1274 1118 1328 et
1137 1269 1200 1348 pios
1219 1283 1324 1327 omnes

188 1346 333 1420 admouet,
351 1348 424 1408 nihil
443 1367 507 1410 essa
526 1350 628 1411 medus
646 1351 692 1410 vel
712 1353 801 1431 magis
822 1348 946 1430 optabile
963 1365 1052 1428 quam
1075 1347 1192 1408 leudarc
1211 1343 1326 1406 Deum:
1398 1345 1402 1350 “

209 1425 303 1486 nando
315 1426 402 1505 ,nulla
422 1427 538 1507 Angelis
558 1432 746 1510 praestantior
764 1435 807 1490 est
815 1428 982 1491 exercitatio
1001 1429 1031 1486 in
1050 1436 1158 1508 quotae
1170 1432 1326 1508 occupent.
1419 1447 1420 1452 ¹

129 1518 141 1548 ι’
232 1512 275 1566 rte
295 1506 399 1586 A'ngeli
418 1510 507 1588 magis
526 1508 681 1569 voluntarii
698 1516 766 1572 sunt
785 1509 821 1568 ad
836 1506 1031 1568 bocolfioium
1050 1513 1080 1568 ct
1098 1506 1143 1566 ala
1235 1523 1325 1585 qoam

187 1590 222 1646 ut
245 1585 390 1666 indigeant
412 1588 517 1648 uostris
542 1589 678 1662 stimolis,
702 1609 756 1650 nos
780 1607 850 1648 vero
874 1605 933 1667 qna
956 1586 1051 1646 tronto
1075 1584 1115 1646 bo
1179 1585 1208 1645 di
1227 1591 1326 1665 partes
1421 1615 1422 1632 κ

186 1662 271 1726 uobis
289 1683 404 1726 onmem
428 1665 603 1742 audebimus,
629 1687 753 1766 quorum
777 1673 857 1728 tanta
880 1673 925 1727 est
943 1665 1095 1747 segnities?
1113 1664 1172 1726 Sed
1250 1664 1326 1724 mrie

187 1743 317 1805 eeleriter
340 1749 525 1825 praecurrant
543 1747 590 1807 An
610 1747 656 1822 eb,
680 1767 734 1808 nos
756 1747 904 1808 sistente
927 1763 1093 1826 sequamurr
1112 1742 1187 1805 Davi
1228 1749 1327 1803 nmen

187 1829 287 1884 nostra
312 1841 398 1884 causa
422 1825 562 1886 canendos
613 1828 639 1888 ci
663 1826 761 1887 landes
784 1827 840 1886 illis
865 1825 1058 1899 commendat,
1088 1832 1121 1884 ut
1149 1841 1249 1883 eorum
1274 1841 1325 1882 cx·

188 1903 285 1984 emplo
304 1903 512 1983 expergefaciat
532 1912 664 1979 nodrum
687 1913 843 1988 torporem.
882 1904 994 1965 Interea
1017 1903 1174 1964 notandum
1198 1909 1245 1962 cst
1263 1903 1326 1962 eius

190 1982 340 2046 consilium
370 1983 449 2063 qnod
474 1985 568 2066 attigi,
596 2004 757 2047 sermonem
783 1985 888 2046 scilieet
915 1984 952 2044 ad
976 1983 1103 2064 Angelos
1126 1983 1262 2062 dirigeres
1292 1987 1327 2041 ut
1358 1993 1362 1998 '

100 2065 106 2072 ’
188 2062 312 2122 sciamus
332 2081 390 2120 non
416 2063 503 2124 alium
526 2065 582 2125 illie
601 2083 663 2127 esse
703 2065 863 2146 ropositum
888 2083 1030 2125 summum
1051 2063 1146 2137 tion,
1166 2079 1254 2141 quana
1274 2077 1327 2121 cx·

189 2141 333 2201 tollendae
352 2137 409 2202 Dei
429 2142 545 2224 gloriae.
574 2144 642 2205 ldeo
662 2087 701 2206 ai
717 2163 775 2206 una
794 2150 876 2226 parte
884 2161 934 2204 eos
953 2151 1061 2203 vincte
1074 2147 1171 2202 ornata
1192 2140 1325 2202 Muros

188 2217 270 2281 addit
291 2227 369 2281 totos
394 2221 516 2302 pendere
541 2241 558 2284 a
577 2221 634 2284 Dei
659 2231 744 2286 untur
767 2233 819 2306 qni
837 2224 947 2304 fecitte
966 2222 1085 2301 (inquit)
1107 2218 1227 2284 verbum
1246 2219 1325 2288 eina:

189 2299 384 2375 condiceret,
409 2302 585 2382 quantalibet
608 2305 716 2365 virtute
741 2306 798 2365 sint
821 2303 955 2384 praediti,
977 2301 1049 2362 nibil
1073 2316 1136 2360 asse
1160 2300 1216 2360 illis
1235 2297 1328 2380 magis

68 2418 70 2426 ,
189 2378 485 2462 honorificumqnsrn
506 2389 538 2443 ut
556 2381 622 2444 Deo
641 2391 768 2465 pareant,
786 2401 840 2444 nec
857 2381 1047 2444 tnntnmdinit
1060 2379 1186 2460 Angelos
1205 2378 1328 2474 manui
1428 2417 1429 2440 r

189 2457 246 2520 Dei
265 2459 408 2535 mandata,
427 2461 476 2520 aed
492 2482 551 2542 quo
552 2451 814 2602 promptitudinem
833 2461 963 2542 obsequii
972 2461 1073 2522 melius
1086 2459 1238 2542 exprimat,
1258 2457 1328 2523 diost

87 2553 94 2568 “
189 2545 304 2624 praesto
323 2555 435 2620 semper
454 2561 551 2602 essen
590 2543 760 2624 capessenda
780 2543 841 2603 eius
860 2541 945 2602 iussa.

271 2623 320 2682 21.
342 2622 449 2680 Omnes
466 2627 613 2684 concitos
635 2631 707 2684 ιίιω.
747 2619 809 2682 lieo
831 2640 906 2682 voea
929 2639 988 2681 non
1012 2619 1109 2680 stallae
1132 2617 1271 2698 designet,
1294 2621 1329 2677 ut

191 2697 309 2779 qnidam
333 2705 494 2778 exponuntr
524 2701 573 2797 sed
599 2704 747 2797 continuat
769 2702 888 2796 eaudarp
913 2699 1092 2795 sententiam,
1116 2717 1210 2794 neque
1230 2705 1329 2758 tamen

189 2784 699 2936 tttttffitt'tttttttdtt
717 2777 1329 2948 titttftttptttttitttitttt

189 2935 235 2998 Ac
255 2941 340 2996 vocat
365 2936 468 2996 iterum
492 2945 645 3000 ministros
669 2946 720 3021 qui
733 2941 857 3020 sociarat
881 2947 944 2999 daca
962 2939 1186 3076 templumtam,
1204 2943 1238 2996 ut
1257 2952 1329 2996 sna·

189 3035 255 3076 mua
275 3034 334 3074 uon
354 3035 417 3075 esse
435 3014 546 3076 defixos
570 3015 600 3076 in
625 3019 715 3078 otiosa
741 3019 848 3099 gloriae
867 3016 925 3078 Dei
944 3035 1029 3098 specu
1042 3019 1145 3092 atione,
1166 3014 1217 3076 sed
1237 3031 1330 3096 quum

189 3093 274 3156 nobis
294 3094 351 3155 dati
372 3096 428 3154 sint
448 3097 567 3158 ministri
586 3102 616 3155 et
635 3097 775 3172 custodes,
795 3097 832 3156 ad
852 3115 925 3178 opos
943 3115 1004 3156 essa
1023 3103 1148 3177 paratos.
1176 3094 1236 3154 Pro
1257 3111 1331 3154 roos

190 3173 281 3248 verbi,
304 3193 382 3234 nuuc
426 3177 486 3235 onit
506 3177 723 3257 deceptoriam,
752 3178 822 3237 scite
841 3184 1004 3256 utrumqne,
1032 3182 1062 3236 et
1081 3179 1189 3258 optima
1208 3174 1330 3246 ratione,

190 3195 486 3349 uamso1„etiona,
513 3253 670 3352 cistellae,
694 3258 825 3352 quamvis
849 3253 1002 3352 observent
1026 3253 1140 3350 legera
1159 3252 1226 3315 Deo
1246 3271 1330 3333 prcc-

190 3331 1330 3510 :ttttztt'ttttf‘tttttttthtttttttttttltttt'ditt

191 3488 352 3552 Obcdiendi
372 3493 506 3553 verbumr
525 3493 575 3554 sed
595 3493 1042 3576 metaphorroedicnuturoodire
1060 3513 1158 3554 onom
1169 3496 1236 3566 Det,
1255 3491 1328 3552 nm

189 3589 295 3632 arcano
315 3578 432 3631 naturae
451 3573 588 3634 instincto
608 3569 805 3654 obtemperant
824 3573 883 3632 eius
903 3571 1029 3634 decretis.
1063 3571 1185 3653 Proprie
1205 3589 1276 3632 vcro
1295 3572 1328 3630 in

188 3651 316 3732 Angelos
341 3649 397 3712 lroe
422 3653 569 3732 competit,
599 3651 702 3733 quibus
726 3652 906 3732 propositum
930 3657 974 3710 est
991 3649 1057 3713 Deo
1081 3669 1191 3712 morem
1216 3668 1328 3730 geme,

190 3729 276 3790 sicuti
295 3729 364 3810 quid
383 3729 446 3790 lieri
466 3731 535 3791 velit
559 3751 596 3792 ex
620 3751 702 3790 sacro
722 3733 781 3792 eius
802 3749 853 3790 ore
871 3730 1040 3807 intelligunt.
1080 3729 1141 3790 laur
1160 3728 1332 3810 beneplaciti

190 3827 297 3870 nomen
322 3809 425 3869 elarius
450 3811 557 3870 laetum
583 3817 613 3870 et
637 3810 726 3870 hilare
751 3809 918 3890 obsequium
942 3809 1089 3890 exprimit:
1118 3809 1176 3870 acsi
1200 3809 1331 3884 (liuhad,

190 3887 317 3968 Angelos
337 3907 396 3948 uon
414 3889 508 3948 solnm
529 3887 585 3950 Dei
608 3889 765 3971 praeceptis
786 3887 974 3968 obsequentes
993 3907 1064 3962 essa
1089 3888 1140 3949 sed
1158 3887 1281 3948 libenter
1300 3893 1333 3948 ct

190 3965 258 4027 c'nm
278 3987 390 4028 summa
410 3967 598 4028 oblectatione
618 3971 749 4048 excipere
769 3967 934 4042 elocuntur,
954 3973 986 4028 ut
1004 3970 1065 4028 eine
1075 3967 1259 4047 beneplacitis
1279 3965 1332 4028 ob·

191 4052 360 4128 temperent,
380 4046 438 4106 hoe
456 4050 532 4108 enim
552 4048 629 4106 valet
648 4065 753 4108 nomeu
771 4044 952 4122 Hebraicum‚
972 4052 1005 4106 ut
1023 4047 1089 4107 alibi
1108 4047 1244 4108 dhimoss

270 4131 319 4189 22.
343 4129 451 4186 Omnia
475 4149 567 4208 opero
594 4133 666 4186 eiua.
705 4121 832 4184 Tandem
855 4146 886 4186 se
910 4125 947 4186 ad
971 4145 1071 4186 omnes
1096 4131 1242 4186 marnas
1262 4145 1332 4188 con·

191 4204 290 4264 vertit:
333 4207 377 4265 uia
397 4207 463 4265 lieet
483 4224 554 4266 voce
574 4209 602 4264 et
612 4223 697 4264 sensu
706 4211 829 4278 oeream,
849 4204 1059 4285 quodammodo
1070 4210 1164 4265 tamen
1212 4217 1333 4266 monarc

190 4281 295 4344 debent
349 4283 493 4360 udeaDei‚
513 4283 599 4361 idque
618 4283 686 4342 iacit
710 4289 807 4342 nostra
827 4303 921 4358 musa,
941 4290 974 4344 ut
993 4283 1141 4361 docento
1187 4303 1237 4344 urn
1257 4285 1334 4345 coeli

189 4381 224 4422 ao
243 4367 335 4424 terrac
354 4365 492 4444 angulum
510 4361 568 4423 Dei
587 4359 718 4424 laudibus
738 4381 859 4424 vacuum
879 4381 950 4424 esse.
990 4361 1084 4422 Minus
1107 4363 1186 4424 euim
1209 4381 1334 4426 exnun-
