2884 4886
212 247 267 334 27'5
632 268 917 317 ιιιιιιιιυι
987 325 992 344 κ

211 401 312 470 auat,
337 392 448 454 honore
471 411 523 452 suo
543 389 707 472 spoliandus
726 411 784 452 non
803 375 862 464 eat,
885 389 976 454 douae
994 396 1107 452 matous
1125 397 1266 474 appueat
1285 393 1351 454 dos

211 475 346 536 iudicium
365 475 394 533 in
415 492 473 552 quo
492 471 632 552 patienter
649 472 861 552 acquiescimus.

154 741 160 766 Ι
300 657 354 731 21.
376 653 419 722 Et
439 663 475 722 tu
486 651 603 722 lehova
618 651 758 722 Domine
779 651 833 738 mi,
853 651 902 721 lac
922 673 1049 725 mecum
1071 609 1201 745 propter
1223 677 1351 723 nomen

102 775 110 792 ⁴
212 751 319 838 tuulur
340 761 413 852 quia
435 759 519 837 bona
541 759 705 829 clementia
732 770 797 844 tua,
824 759 910 850 eripe
931 781 999 828 me:
1043 759 1096 826 22.
1119 759 1202 846 Quia
1224 784 1351 852 pauper

209 865 246 938 'et
272 869 364 961 inops
391 887 451 959 ego
479 889 567 950 aum,
593 876 627 934 ct
653 887 842 940 cormeum
869 861 1069 932 vulneratum
1096 876 1147 936 est
1173 866 1257 935 intra
1285 891 1349 936 me
1416 893 1417 906 ι

212 975 370 1043 sesicut
389 973 500 1040 umbra
522 972 600 1040 dum
619 971 756 1054 inclinet,
777 971 977 1065 perambuloe
999 991 1153 1040 excussus
1171 973 1350 1064 surnqnssi
1416 1019 1417 1058 3

212 1080 342 1150 locuste.
386 1075 441 1147 24.
468 1079 578 1147 Genua
604 1102 676 1146 mea
702 1076 838 1170 collapsa
866 1088 942 1146 sunt
967 1101 1041 1169 prae
1068 1077 1195 1162 ieiunio,
1218 1089 1251 1148 et
1274 1101 1353 1146 caro

213 1211 286 1258 mea
307 1185 431 1254 exaruit
451 1209 470 1253 a
490 1184 688 1278 pinguedine.
710 1183 765 1253 25.
794 1181 865 1276 Ego
887 1193 993 1252 autern
1015 1183 1115 1252 iactus
1134 1207 1209 1254 sum
1232 1207 1351 1276 oppro

213 1293 317 1362 brium
338 1291 409 1374 illis,
432 1290 509 1358 dum
529 1289 638 1358 vident
658 1313 721 1374 me,
743 1292 927 1359 concutiunt
947 1300 1041 1384 caput
1062 1307 1167 1357 auum.
1206 1289 1264 1358 26.
1287 1289 1351 1358 Aa
1416 1303 1417 1308 ’

213 1399 290 1468 iuva
311 1421 365 1468 me
390 1397 507 1468 lehova
528 1395 619 1466 Deus
640 1395 694 1481 sni,
720 1394 845 1466 salvum
869 1420 923 1466 me
944 1395 993 1466 sac
1014 1395 1189 1492 secundum
1209 1395 1350 1488 clemeri·

212 1507 289 1574 ham
310 1515 408 1572 tuam.
452 1501 571 1571 27.·Er
596 1513 789 1597 cognoscent
814 1503 903 1594 quod
929 1525 1043 1572 manua
1064 1493 1120 1572 tna
1138 1502 1228 1588 baec,
1256 1507 1350 1598 quod
1416 1517 1417 1524 ’

212 1621 250 1682 tu
271 1611 387 1680 lehova
408 1608 527 1715 leceris.

121 1721 127 1736 ⁸
250 1717 342 1822 sai.
361 1757 403 1819 Et
425 1763 460 1816 to
478 1755 588 1816 lebeus
607 1757 735 1816 Domine
757 1762 808 1816 nrt.
846 1722 1081 1834 Aquesimoniia¹
1103 1759 1133 1814 ct
1151 1751 1280 1814 hosfium
1300 1753 1347 1814 de

215 1837 366 1896 testatione
384 1836 485 1895 transit
504 1834 541 1894 ad
558 1853 670 1916 preces:
694 1835 752 1893 imo
776 1839 930 1916 postquam
948 1832 1044 1894 Deum
1069 1832 1128 1928 sibi·
1142 1835 1295 1914 proposuit
1312 1834 1348 1894 li-

148 1953 152 1960 -
215 1915 383 1988 bontionem,
403 1913 516 1974 videtne
534 1913 588 1974 bac
608 1915 757 1974 occasione
780 1933 811 1973 se
835 1914 870 1977 ad
891 1913 1064 1992 precandum
1082 1931 1238 1974 mimante:
1263 1915 1347 1974 sicuti
1416 1919 1417 1982 i

215 2013 314 2056 omnes
334 1994 612 2075 piae·mediiaiiones
632 1993 735 2074 quibus
750 1995 839 2054 sancii
869 1993 954 2053 iidem
974 2011 1055 2052 suern
1074 1999 1209 2054 exement
1226 1998 1257 2053 et
1277 2013 1345 2054 coa·
1416 2001 1417 2078 i

213 2075 337 2145 firmant,
357 2073 392 2133 ad
411 2075 619 2134 invocationem
645 2075 767 2132 nominis
787 2071 844 2132 Dei
862 2092 912 2132 eoa
931 2072 1094 2132 sollicitant.
1134 2071 1273 2132 Ceterum
1293 2093 1347 2132 nee

213 2154 304 2216 ullum
324 2153 492 2233 obsequium
517 2154 604 2214 iaciat
628 2173 686 2233 quo
710 2154 881 2234 promeritus
900 2153 937 2213 sit
961 2152 1100 2212 auxilium
1124 2146 1196 2226 hei,
1219 2171 1275 2212 nec
1294 2171 1345 2212 sua
1416 2135 1417 2226 l

213 2235 350 2314 dignitate
373 2235 484 2293 nitiinrr
510 2233 559 2292 scd
585 2234 701 2293 unicum
725 2233 778 2293 sihi
802 2231 916 2310 asylum
939 2233 1038 2296 statuit
1060 2233 1091 2290 in
1111 2229 1166 2292 Dei
1185 2231 1344 2292 clementia.

214 2313 367 2408 Opposuit·
379 2313 492 2394 quidem
512 2311 641 2373 hostibus
661 2314 719 2372 suis
738 2314 927 2393 integritatem
947 2312 1029 2371 euius
1047 2310 1100 2370 sihi
1119 2313 1252 2371 consciae
1270 2319 1344 2371 erata
1416 2355 1417 2370 r

94 2434 97 2480 3
213 2414 273 2474 quo
293 2411 381 2487 magra
401 2399 511 2490 pateret
529 2393 793 2489 eorumniniq'niias,
816 2391 868 2451 aed
887 2391 923 2450 de
941 2392 1171 2486 conpensatione
1190 2411 1258 2451 cum
1280 2389 1344 2486 lieo

212 2493 272 2614 iti
289 2471 766 2632 iic0i¹ss¹tt¹ii³ittttti
777 2477 1012 2614 atttriti
1025 2469 1185 2630 titii
1204 2476 1344 2632 titii
1416 2593 1417 2620 r

212 2632 327 2715 gissiaci
346 2631 441 2712 potuit
459 2635 574 2712 propria
595 2633 699 2692 virtute
717 2639 749 2692 et
767 2631 883 2700 meritis,
903 2628 999 2690 David
1009 2637 1085 2690 certe
1104 2649 1164 2690 non
1182 2630 1284 2710 soient
1301 2629 1344 2690 ul·

211 2716 308 2772 timus.
346 2709 430 2772 Adde
454 2709 532 2791 quod
557 2710 664 2770 Christi
693 2717 723 2771 et
746 2711 834 2770 totius
857 2707 1001 2770 Ecclesiae
1025 2727 1176 2789 personam
1202 2711 1343 2770 sustinuit.

177 2841 183 2858 .
211 2791 296 2856 Unde
316 2791 445 2871 sequitur
464 2809 563 2870 preces
582 2809 681 2850 omnes
701 2790 840 2864 diffluere,
860 2791 914 2850 nisi
933 2787 1030 2850 inDei
1049 2789 1197 2849 elementia
1210 2789 1343 2850 fundatae
1416 2825 1417 2852 ι

212 2875 279 2932 sint.
318 2869 455 2952 Specialis
496 2871 590 2932 uidem
610 2869 715 2930 Christi
734 2871 788 2930 fuit
806 2869 888 2943 rado,
909 2871 959 2950 qui
979 2887 1030 2928 sua
1046 2869 1153 2928 institia
1163 2867 1280 2930 Patrem
1293 2889 1342 2928 no·

212 2951 256 3012 bis
275 2949 411 3032 placarit:
437 2891 494 3010 aad1
512 2952 579 3030 quia
603 2947 697 3011 aDci
721 2948 897 3030 beneplacito
922 2947 1061 3028 pendebat
1085 2949 1220 3028 quicquid
1246 2947 1343 3008 babuit

212 3033 243 3092 in
262 3029 385 3090 hominia
404 3036 520 3104 natura,
544 3047 598 3089 suo
618 3029 752 3110 exemplo
778 3030 815 3089 ed
834 3029 910 3110 bunc
928 3029 1038 3088 iontem
1062 3047 1115 3087 nos
1135 3027 1275 3091 deducere
1294 3047 1342 3086 vo·

212 3111 275 3172 luit.
315 3108 403 3170 Nobis
423 3127 492 3169 vero
534 3109 580 3168 eid
600 3109 804 3190 agendumst,
823 3112 947 3188 quoium
959 3108 1157 3187 integerrimus
1175 3106 1260 3168 lateri
1272 3127 1342 3168 senr-

202 3211 265 3274 per
284 3197 402 3271 cogetur
421 3209 452 3250 ae
470 3129 567 3248 multis
587 3189 710 3269 peccatis
729 3207 791 3250 ιιιι
810 3189 978 3248 oneratum?
996 3185 1343 3248 tantumahestutlieonr

213 3271 266 3332 sibi
286 3271 345 3330 ullo
366 3271 427 3330 iure
446 3267 612 3330 obstrictum
632 3275 735 3330 teneat
765 3267 865 3328 Restat
883 3268 969 3346 igitur
988 3265 1044 3326 boc
1064 3285 1163 3340 unum,
1182 3267 1250 3346 qnia
1264 3264 1343 3327 Daue
1416 3289 1417 3318 1

202 3357 316 3412 natura
335 3349 478 3411 beneficos
497 3355 549 3424 cst,
569 3365 709 3429 suamque
728 3349 846 3430 gratim
866 3347 929 3418 ruit
950 3347 982 3405 in
1001 3345 1093 3408 salute
1111 3346 1344 3426 noehaiulgere,
1416 3393 1417 3404 ι

235 3433 282 3491 uia
305 3430 380 3491 bona
402 3435 446 3490 est
469 3429 661 3490 misericordia
684 3430 759 3502 cius,
788 3435 822 3487 ui
840 3445 893 3488 nos
918 3432 1040 3486 ineatur.
1078 3424 1156 3505 Ergo
1176 3429 1289 3506 quoties
1308 3423 1343 3484 ad
1416 3429 1417 3510 ᾗ

244 3529 310 3570 eum
335 3509 508 3583 accedimus,
537 3508 607 3568 haec
631 3509 688 3568 duo
708 3507 829 3576 tenenda
853 3513 929 3578 ιιιιιῐ,
959 3525 1034 3585 opus
1052 3507 1168 3588 quidem
1188 3525 1250 3565 esse
1268 3505 1343 3565 teeti-
1416 3537 1417 3550 ι

215 3590 314 3650 monio
334 3588 640 3648 bonaeconscieutiaee
660 3589 710 3648 sed
729 3588 807 3648 nulia
892 3585 957 3645 elin
995 3585 1080 3646 ndum
1099 3586 1344 3666 dignitatemquae

213 3669 310 3730 Deum
330 3666 411 3726 nobie
431 3667 595 3750 obstringat,
615 3667 728 3728 nullum
744 3669 815 3729 meri
847 3685 877 3726 m
896 3666 943 3725 oui
973 3664 1055 3725 abeat
1073 3665 1243 3732 mercedem.
1273 3663 1344 3730 Nam
1416 3715 1417 3742 p

213 3750 240 3809 ei
264 3749 294 3808 in
318 3748 413 3806 husae
432 3745 517 3807 buius
541 3756 570 3808 et
595 3749 718 3809 caducae
743 3750 818 3808 vitae
842 3745 1057 3806 conservatione
1080 3763 1187 3806 nomen
1211 3763 1296 3804 ιιιιιιιι
1315 3749 1343 3804 et
1416 3749 1417 3810 ξ

214 3828 370 3889 bonitatem
390 3825 510 3886 illustret
529 3825 618 3901 Deus,
638 3825 688 3887 ubi
707 3827 743 3887 ad
762 3829 850 3887 ritarn
863 3825 1205 3886 coelestemeiaeternam
1226 3825 1343 3897 venitur,
1416 3851 1417 3900 ι

166 3953 175 3966 .
215 3913 324 3988 quanto
347 3905 438 3985 magis
461 3923 571 3966 cessare
591 3905 675 3968 debet
700 3907 792 3966 omnis
811 3925 931 3986 operum
956 3903 1077 3965 fiducia?
1095 3903 1129 3964 Si
1147 3909 1259 3964 tantum
1279 3903 1344 3965 mihi

217 3990 248 4047 in
259 3994 334 4046 terra
352 3985 585 4066 viiamprorogat
605 3985 642 4046 ud
660 3985 747 4046 breve
766 3991 887 4066 tempus,
907 3984 964 4046 hoe
982 3985 1069 4046 medo
1083 3983 1225 4064 glorificat
1242 4002 1344 4043 nomen

216 4085 310 4140 suum,
329 4085 361 4126 se
379 4065 487 4126 bonum
506 4071 535 4125 ei
554 4065 630 4126 ultro
649 4065 808 4126 henoticum
826 4085 888 4126 esse
903 4065 1064 4125 ‘ostendens
1094 4063 1195 4140 Quum
1213 4081 1283 4144 ergo
1300 4079 1344 4122 me

215 4165 253 4204 ex
278 4145 429 4224 tyrannide
453 4143 558 4210 diaboii
582 4149 712 4226 ereptum
737 4146 855 4226 adoptat
878 4147 952 4205 inter
975 4141 1059 4220 lilios,
1084 4143 1191 4204 Christi
1211 4143 1343 4223 nnguhe

216 4225 314 4284 sordes
333 4243 411 4285 meas
430 4233 541 4306 purgat,
561 4233 708 4304 regenerat
727 4225 835 4306 Spiritu
856 4231 963 4296 sancto,
982 4225 1012 4283 in
1032 4243 1135 4304 corpus
1155 4221 1220 4282 Filii
1238 4224 1282 4282 sui
1300 4241 1343 4282 rus

216 4299 323 4376 insedi,
343 4305 470 4382 perducit
489 4305 525 4364 ad
546 4305 697 4366 coelestem
716 4309 813 4380 vitam,
834 4311 911 4365 certe
931 4311 1038 4382 quanto
1049 4304 1192 4364 liberalius
1211 4305 1269 4382 agii
1288 4321 1342 4361 me·

215 4399 292 4456 eum,
311 4387 391 4444 tento
411 4385 504 4446 minua
522 4384 565 4446 saa
584 4391 630 4447 eat
648 4384 736 4449 ullam
759 4392 870 4468 partem
894 4369 985 4444 laudis
1009 4381 1079 4444 mihi
1102 4381 1262 4444 vendeure
1300 4379 1342 4440 Ειι
