2884 4886
750 193 754 214 ι

100 233 103 240 “
172 261 226 322 312
515 221 520 234 ’
613 247 900 326 ucrsrrsus

176 383 290 465 effugia,
310 377 406 441 Deum
426 397 480 459 pro
499 376 568 472 ipsis
587 393 695 456 sapere.
715 380 745 434 et
764 347 896 436 areanum
912 367 1108 450 providentiae
1128 385 1196 428 snae
1216 371 1323 428 ensto-

177 463 252 522 diam
279 478 425 540 opponere
454 455 585 538 periculis
610 453 742 514 omnibus
767 453 870 533 quibus
895 451 933 510 im
972 451 1042 509 titur
1066 449 1194 528 ipsorum
1224 446 1321 506 salus.

177 535 477 616 Tandeme‘xenrplum
495 536 525 596 in
545 553 575 594 se
587 532 681 594 David
724 533 845 614 soponit,
865 549 923 608 quc
964 527 1094 588 redactus
1113 527 1150 587 ad
1169 544 1322 589 summam

121 669 128 686 ,
177 621 312 701 inopiam,
333 618 472 694 integrum
493 620 598 674 statum
618 633 670 695 per
692 555 746 672 liei
765 613 883 690 gratiam
903 609 1050 688 receperit.

256 697 285 760 7.
305 699 460 756 Reaerlere
480 703 590 755 nutura.
624 693 684 752 lam
704 711 735 752 se
754 693 789 766 ad
810 689 998 770 colligendum
1019 687 1145 748 animum
1165 682 1321 748 hortetur:
1418 679 1419 690 ¹

105 775 114 796 ⁸
178 780 237 840 imo
258 776 381 836 animam
400 793 481 834 snam
500 764 556 832 allo
580 791 663 846 nens,
687 769 869 849 tranquillam
892 787 953 829 esse
977 765 1069 826 iubet:
1095 767 1163 846 qnia
1182 761 1264 826 Dens
1284 783 1321 824 se

251 857 333 915 ilium
352 851 520 914 exhibuerit.
559 793 650 929 bned
674 851 748 912 inter
768 857 840 910 retes
887 847 980 906 uidam
1001 846 1053 906 sub
1114 843 1321 913 ieltsnomine

199 877 275 997 rbibita
300 932 474 1013 intelligunt,
499 939 628 990 eoactum
648 937 706 990 est:
731 873 825 1010 pbtius
850 868 925 988 edim
944 946 998 1006 pro
1018 870 1173 1004 irmbiirillo
1192 931 1227 982 et
1241 921 1321 1017 benc

179 1013 340 1095 composito
369 1011 458 1070 animi
487 1016 563 1070 statu
588 1009 731 1089 accipitur.
771 1007 888 1067 Fatetur
912 1009 988 1068 enim
1013 1002 1109 1064 David
1133 1023 1165 1065 se
1189 1009 1321 1096 graviter

179 1094 265 1156 inisse
286 1089 446 1172 perculsum
465 1096 497 1150 et
515 1091 650 1150 iactatam
670 1091 743 1149 inter
762 1085 865 1147 multas
885 1086 1065 1166 agitationes:
1090 1083 1321 1175 sicuti‘qprsqne

179 1179 311 1236 nostrum
330 1168 383 1228 sibi
403 1170 533 1229 conscius
553 1175 596 1228 est
615 1169 746 1248 propriae
765 1165 977 1246 inquietudinis,
1002 1164 1050 1224 ubi
1070 1163 1196 1242 undique
1215 1167 1320 1254 mortis

180 1259 303 1318 terrores
322 1247 495 1330 impendent„
516 1245 657 1326 Quamvis
676 1267 745 1328 ergo
765 1265 828 1306 rara
847 1245 1012 1306 fortitudine
1038 1241 1191 1304 excelleret
1210 1239 1322 1314 Davrd,

180 1327 433 1392 moeroris'tamen
452 1325 490 1388 im
514 1327 578 1388 ulsu
598 1326 787 1387 tumultuatus
807 1331 863 1385 est:
887 1331 918 1385 et
940 1323 1059 1384 interior
1083 1321 1234 1385 concussio
1259 1319 1322 1414 ani·

182 1429 263 1470 mom
283 1410 344 1468 eins
364 1405 434 1468 adeo
446 1349 579 1476 turbavit,
599 1413 633 1467 nt
651 1409 752 1466 merito
772 1411 907 1487 queratur
926 1403 1054 1466 seluisse
1073 1403 1170 1482 quiete
1189 1419 1241 1462 sne
1260 1419 1321 1480 prr·

180 1495 289 1549 vatum.
330 1483 414 1548 Nunc
431 1483 488 1546 Dei
509 1487 627 1568 gratiam
648 1485 777 1546 sulficere
803 1483 870 1545 diat
895 1483 931 1542 ad
951 1481 1088 1544 sedandas
1112 1482 1181 1545 istas
1206 1485 1322 1561 pertur-

179 1565 317 1661 badonas.
353 1555 515 1660 'Quaeritur
539 1572 632 1660 brnen
658 1584 702 1624 an.
716 1565 780 1660 'sola
805 1563 980 1657 experientia
999 1563 1105 1642 gratiae
1123 1559 1189 1633 Dei,
1208 1565 1322 1654 metum

180 1654 211 1708 et
229 1653 272 1706 tre
293 1645 447 1740 rdatronem
466 1665 495 1739 ιιι
514 1663 614 1708 ammas
634 1651 841 1706 noslrrssanet:
863 1662 929 1736 quia
949 1640 1111 1736 sepostlrac
1130 1637 1320 1733 nenpudlum

181 1726 244 1788 iore
294 1723 359 1784 arrd
379 1721 529 1803 praedicat,
551 1721 628 1804 quod
648 1723 810 1784 sublevatus
830 1723 916 1783 luerit
936 1699 992 1782 ber
1011 1721 1127 1780 auxdro.
1165 1715 1200 1777 Sr
1222 1725 1321 1778 antem

181 1803 280 1866 fideles
296 1823 358 1864 non
379 1801 459 1864 aliter
479 1805 602 1883 quietem
622 1822 703 1864 snam
723 1809 891 1884 recuperant
911 1802 966 1862 uisi
982 1807 1122 1880 quatenus
1142 1819 1173 1858 se
1191 1798 1248 1858 illis
1269 1817 1320 1858 ex·

182 1883 261 1948 bibet
279 1879 361 1944 Deus
380 1882 568 1958 liberatorem,
587 1883 719 1964 quisnam
738 1884 791 1944 erit
810 1881 876 1942 lidei
891 1879 980 1956 lucus,
1000 1887 1030 1940 et
1049 1899 1122 1958 quae
1136 1879 1179 1938 vis
1198 1877 1321 1958 promis·
1419 1925 1420 1930 ,

151 1988 159 2008 ⁶
183 1964 316 2024 sianum?
336 1959 409 2021 Nam
428 1961 499 2022 baec
518 1969 595 2024 certe
616 1969 659 2022 est
678 1959 745 2022 fidei
760 1961 900 2043 probatio,
921 1957 1108 2040 dumplacide
1127 1965 1156 2018 et
1165 1957 1194 2017 in
1205 1957 1320 2016 silentia

185 2047 384 2122 exspectamus
404 2038 568 2120 quaeDeus
589 2042 711 2102 occultat
731 2039 837 2102 laveris
857 2040 901 2099 sui
921 2042 1009 2119 signa.
1040 2035 1122 2098 Fides
1141 2044 1238 2098 autem
1258 2034 1322 2095 ubi·

183 2141 298 2202 cunque
306 2121 391 2199 viget,
401 2121 565 2200 tranquillat
574 2123 758 2182 conscientias
769 2129 798 2181 et
806 2125 925 2194 mentes,
936 2126 968 2178 ut
978 2137 1037 2199 pax
1047 2116 1103 2178 Dei
1113 2136 1187 2196 quae
1197 2134 1320 2254 exsupe-

183 2209 230 2262 rat
250 2217 364 2260 ornnem
384 2215 508 2276 sensnm,
527 2201 585 2260 illic
605 2201 731 2262 obtineat
750 2201 884 2281 palmam,
911 2199 984 2258 sieut
1004 2197 1071 2260 dicit
1091 2196 1196 2256 Paulus
1216 2193 1271 2255 Phi
1284 2196 1321 2274 ip

184 2281 213 2354 4,
234 2281 267 2342 7,
302 2278 402 2358 ltaque
447 2279 476 2352 ii,
505 2283 636 2360 quamvis
660 2281 787 2342 labascat
812 2287 890 2342 totus
915 2277 1048 2351 mundus,
1077 2276 1201 2338 resident
1219 2275 1249 2336 in
1269 2291 1322 2334 sna

184 2361 314 2419 statione.
355 2299 446 2438 Quid
459 2378 526 2442 ergo
551 2360 605 2420 sibi
628 2360 691 2421 vult
715 2361 769 2421 iste
793 2360 900 2420 reditus
920 2357 956 2418 ad
976 2357 1120 2436 quietem?
1139 2353 1322 2436 Respondeo,

185 2439 315 2519 quamvis
335 2457 448 2498 sursum
468 2446 496 2500 et
517 2439 649 2499 deorsum
669 2445 819 2502 versentur
838 2435 964 2509 attinet,
984 2455 1066 2496 suam
1075 2443 1171 2496 tumen
1190 2435 1253 2498 illis·
1265 2431 1323 2494 ra-

184 2524 278 2578 turam
299 2535 414 2580 manere
433 2520 463 2578 in
483 2516 540 2578 Dei
559 2519 658 2594 verbo,
683 2539 720 2582 ns
739 2539 857 2600 prorsus
875 2516 1016 2578 excidant.
1057 2515 1202 2588 (lateram,
1222 2531 1321 2596 quam·

184 2599 229 2658 ris
248 2595 482 2679 promissionibus
503 2597 558 2658 Dei
583 2599 647 2660 freti
673 2618 704 2662 se
723 2600 850 2660 reiiciant
869 2599 900 2658 in
925 2598 986 2658 eius
1007 2595 1223 2676 providentiam,
1243 2591 1322 2654 labo-

183 2684 249 2737 rant
268 2675 451 2737 nibilominus
472 2678 677 2758 inquietudine,
697 2685 727 2739 et
751 2680 825 2740 inter
845 2677 1034 2738 tentationum
1059 2675 1199 2756 proeellas
1219 2675 1322 2735 misere

186 2763 326 2817 aestuant.
366 2753 423 2814 Ubi
442 2763 538 2817 autem
558 2760 699 2818 succurrit
718 2755 808 2832 Deus,
828 2777 888 2818 non
907 2755 994 2816 modo
1014 2755 1210 2836 paxlinterior
1229 2759 1322 2812 custo·

186 2835 229 2896 dit
248 2853 348 2895 eornm
367 2843 487 2911 mentes,
507 2836 555 2895 sed
576 2835 772 2900 hilaritatiset
790 2837 913 2897 laetitiae
932 2837 1078 2896 materiam
1103 2833 1267 2913 concipiunt
1285 2851 1323 2892 ex

185 2914 335 2976 manifesta
355 2913 421 2974 eius
435 2916 533 2994 gratia.
558 2913 606 2976 De
625 2915 680 2976 hac
700 2917 789 2979 altera
804 2918 916 2996 ¹quietis
936 2916 1029 2995 speeie
1047 2933 1124 2974 nunc
1143 2916 1242 2974 tractat
1263 2909 1323 2970 Da

186 2994 247 3066 vid,
266 2991 566 3073 lempnsess'edicens‚
587 2997 718 3074 quamvis
738 2997 747 3056 i
778 2997 870 3056 anima
890 3015 942 3056 sua
956 2993 1165 3076 praevaluerint
1174 2991 1323 3066 tumultus,

185 3079 219 3132 nt
238 3073 296 3133 iam
315 3091 346 3132 se
366 3071 476 3152 placido
490 3073 518 3132 in
530 3071 593 3134 Deo
605 3074 736 3136 oblectet.
786 3081 834 3146 m
853 3074 1008 3154 improprie
1029 3079 1142 3134 vertunt
1160 3069 1323 3152 rependere,

187 3171 278 3232 quum
298 3151 469 3234 generaliter
487 3151 623 3214 Hebraeis
643 3161 702 3216 tam
723 3153 1038 3228 conferrebenelicium,
1058 3171 1144 3234 quam
1164 3151 1323 3212 mercedem

120 3266 125 3276 ι
185 3231 341 3313 rependere
365 3229 516 3312 significet:
542 3233 629 3372 idpna
655 3235 805 3296 confirmat
829 3235 962 3315 proximo
987 3252 1072 3292 rersn
1096 3233 1219 3292 animam
1244 3249 1323 3292 snam

187 3317 319 3371 amorte
339 3317 467 3392 ereptam
487 3331 548 3372 esse
589 3316 673 3390 icens,
686 3321 748 3374 etc.
789 3311 867 3374 Haec
887 3315 1036 3394 igiturest
1056 3311 1206 3372 retributio
1226 3309 1324 3388 (atila

132 3427 137 3436 ·
186 3389 402 3470 loquar),quod
424 3389 541 3452 Densa
565 3400 658 3453 morte
683 3413 748 3454 enm
769 3391 901 3467 liberans,
936 3391 1077 3471 lacrymas
1108 3389 1271 3458 absterserit
1289 3387 1323 3448 ab

185 3471 247 3530 eins
267 3470 365 3530 oeulis.
405 3467 457 3531 Est
477 3479 572 3532 aulem
593 3472 721 3534 inversus
742 3472 813 3532 ordo
844 3471 1010 3534 verborum:
1036 3471 1102 3552 quia
1121 3491 1201 3530 more
1226 3475 1323 3530 nostro

186 3549 337 3611 dicendum
358 3547 413 3609 init
431 3551 542 3632 polius,
572 3549 684 3632 Eripuit
709 3552 796 3634 pedes
816 3571 896 3612 rneos
923 3571 940 3612 a
959 3551 1056 3632 lapsu,
1086 3551 1186 3610 oculos
1210 3565 1325 3610 measa

186 3629 336 3710 lacrymis:
356 3630 426 3704 imo,
455 3631 559 3711 eripuit
579 3632 703 3692 animam
713 3652 807 3692 meam
827 3637 956 3705 amorte,
977 3631 1044 3710 qnia
1055 3631 1133 3709 quod
1143 3629 1325 3710 praecipuum

185 3716 238 3782 est,
260 3708 385 3780 solemus
406 3715 536 3770 extremo
556 3709 748 3792 looopnncre,
768 3712 817 3770 sed
827 3709 962 3770 Hebraeis
978 3711 1049 3770 haee
1068 3711 1154 3770 series
1175 3707 1324 3768 verborum

184 3787 300 3848 minime
320 3786 441 3848 absurda
461 3795 518 3848 est:
539 3809 613 3870 quae
633 3792 673 3849 sie
694 3791 799 3850 resolvi
818 3789 911 3864 debet,
931 3787 996 3849 Non
1016 3796 1128 3850 tantum
1144 3789 1262 3848 asseruit
1279 3805 1324 3846 me

184 3865 266 3928 Dens
292 3885 309 3926 a
334 3867 475 3947 praesenti
495 3874 601 3942 morte,
626 3869 675 3930 sed
701 3868 845 3930 liberalius
865 3871 922 3952 egit
946 3889 1072 3944 meeum,
1097 3869 1239 3928 tristitiam
1259 3865 1324 3942 mibi

185 3947 356 4020 discutiens,
381 3953 410 4006 et
429 3966 546 4008 manum
567 3947 637 4006 mibi
656 3950 817 4028 porrigens,
843 3970 880 4010 ne
899 3950 1099 4030 impingerem,
1120 3968 1187 4008 nans
1206 3953 1250 4006 est
1269 3965 1322 4006 am·

187 4025 322 4108 pliliealio
343 4026 451 4106 gratiae
472 4025 537 4098 Dei,
559 4027 638 4105 quod
658 4046 750 4164 paene
770 4029 928 4088 exanimem
949 4029 978 4088 in
999 4029 1087 4087 vitam
1107 4029 1238 4087 restituit.
1266 4028 1273 4039 ¹

265 4108 293 4168 9.
314 4107 487 4168 Ambulnbo.
528 4103 583 4164 Hic
603 4105 660 4166 Am
683 4106 762 4167 utare
782 4127 879 4168 coram
891 4107 965 4184 Dec,
985 4107 1152 4169 tantundem
1173 4103 1325 4166 milriralet

184 4190 272 4264 atque
290 4204 376 4266 agere
395 4185 448 4246 sub
469 4187 530 4246 eins
550 4205 627 4245 cura.
667 4183 742 4246 Hine
762 4183 857 4248 David
883 4187 945 4248 sore
970 4193 1066 4270 sperat
1093 4193 1125 4246 ut
1150 4205 1201 4249 sua
1221 4185 1323 4248 incoln-

186 4265 286 4323 nritate
306 4284 418 4346 semper
437 4264 558 4339 fruatur,
579 4262 651 4324 nihil
669 4267 774 4326 enimc
797 4265 908 4326 labilius
928 4273 972 4326 cst
1014 4287 1077 4328 uam
1088 4263 1153 4326 Dco
1176 4285 1228 4346 pro
1248 4263 1326 4326 nobis

184 4341 320 4402 excubias
341 4339 451 4424 egebte,
471 4343 560 4404 vitam
580 4350 708 4406 nostram
721 4347 752 4408 in
783 4366 862 4408 usam
882 4367 943 4408 esse
963 4290 1016 4408 sub
1036 4349 1096 4408 eius
1111 4343 1249 4408 custodia.
1274 4345 1325 4404 lta·
