<?xml version="1.0" encoding="UTF-8"?>
<!DOCTYPE html PUBLIC "-//W3C//DTD XHTML 1.0 Transitional//EN"
    "http://www.w3.org/TR/xhtml1/DTD/xhtml1-transitional.dtd">
<html xmlns="http://www.w3.org/1999/xhtml" xml:lang="en" lang="en">
 <head>
  <title>
</title>
<meta http-equiv="Content-Type" content="text/html;charset=utf-8" />
  <meta name='ocr-system' content='tesseract 3.04.00' />
  <meta name='ocr-capabilities' content='ocr_page ocr_carea ocr_par ocr_line ocrx_word'/>
</head>
<body>
  <div class='ocr_page' id='page_1' title='image "./ioanniscalvinii04tholgoog_0253.png"; bbox 0 0 2890 4886; ppageno 0'>
   <div class='ocr_carea' id='block_1_1' title="bbox 89 125 985 376">
    <p class='ocr_par' dir='ltr' id='par_1_1' title="bbox 485 125 935 245">
     <span class='ocr_line' id='line_1_1' title="bbox 485 125 670 194; baseline -0.005 -3"><span class='ocrx_word' id='word_1_1' title='bbox 485 125 489 154; x_wconf 86' lang='lat'><em>¹</em></span> <span class='ocrx_word' id='word_1_2' title='bbox 591 188 593 194; x_wconf 79' lang='grc'>,</span> <span class='ocrx_word' id='word_1_3' title='bbox 663 153 670 190; x_wconf 84' lang='grc' dir='ltr'><strong>ι</strong></span> 
     </span>
     <span class='ocr_line' id='line_1_2' title="bbox 927 221 935 245; baseline 0 0"><span class='ocrx_word' id='word_1_4' title='bbox 927 221 935 245; x_wconf 84' lang='grc' dir='ltr'><strong>ι</strong></span> 
     </span>
    </p>

    <p class='ocr_par' dir='ltr' id='par_1_2' title="bbox 89 259 985 376">
     <span class='ocr_line' id='line_1_3' title="bbox 328 259 985 304; baseline -0.009 0"><span class='ocrx_word' id='word_1_5' title='bbox 328 291 335 304; x_wconf 60' lang='grc' dir='ltr'><strong>ι</strong></span> <span class='ocrx_word' id='word_1_6' title='bbox 596 259 602 281; x_wconf 31' lang='grc' dir='ltr'>ἢ</span> <span class='ocrx_word' id='word_1_7' title='bbox 639 282 642 302; x_wconf 92' lang='lat' dir='ltr'>l</span> <span class='ocrx_word' id='word_1_8' title='bbox 969 263 985 298; x_wconf 65' lang='lat' dir='ltr'><em>s</em></span> 
     </span>
     <span class='ocr_line' id='line_1_4' title="bbox 89 309 896 376; baseline -0.009 -20"><span class='ocrx_word' id='word_1_9' title='bbox 89 345 101 368; x_wconf 47' lang='lat' dir='ltr'>q</span> <span class='ocrx_word' id='word_1_10' title='bbox 170 312 223 376; x_wconf 65' lang='lat' dir='ltr'><strong><em>m</em></strong></span> <span class='ocrx_word' id='word_1_11' title='bbox 608 309 896 353; x_wconf 65' lang='lat' dir='ltr'>tontibus</span> 
     </span>
    </p>
   </div>
   <div class='ocr_carea' id='block_1_2' title="bbox 173 371 1314 522">
    <p class='ocr_par' dir='ltr' id='par_1_3' title="bbox 173 371 1314 522">
     <span class='ocr_line' id='line_1_5' title="bbox 173 371 1314 522; baseline -0.006 -17"><span class='ocrx_word' id='word_1_12' title='bbox 173 371 372 522; x_wconf 68' lang='lat' dir='ltr'>denuntiabit</span> <span class='ocrx_word' id='word_1_13' title='bbox 403 453 534 501; x_wconf 90' lang='lat' dir='ltr'>omnem</span> <span class='ocrx_word' id='word_1_14' title='bbox 566 428 693 504; x_wconf 85' lang='lat' dir='ltr'>laudem</span> <span class='ocrx_word' id='word_1_15' title='bbox 708 487 710 495; x_wconf 70' lang='grc'><strong>,</strong></span> <span class='ocrx_word' id='word_1_16' title='bbox 727 407 818 498; x_wconf 79' lang='lat' dir='ltr'>eiusi</span> <span class='ocrx_word' id='word_1_17' title='bbox 867 427 900 514; x_wconf 66' lang='lat'>3„</span> <span class='ocrx_word' id='word_1_18' title='bbox 928 425 1019 496; x_wconf 87' lang='lat' dir='ltr'>Beati</span> <span class='ocrx_word' id='word_1_19' title='bbox 1048 427 1104 518; x_wconf 89' lang='lat' dir='ltr'>qui</span> <span class='ocrx_word' id='word_1_20' title='bbox 1131 409 1314 498; x_wconf 86' lang='lat' dir='ltr'>custodiunt</span> 
     </span>
    </p>
   </div>
   <div class='ocr_carea' id='block_1_3' title="bbox 116 532 1331 950">
    <p class='ocr_par' dir='ltr' id='par_1_4' title="bbox 116 532 1331 950">
     <span class='ocr_line' id='line_1_6' title="bbox 168 532 1313 634; baseline -0.007 -25"><span class='ocrx_word' id='word_1_21' title='bbox 168 541 336 634; x_wconf 82' lang='lat' dir='ltr'>iudicium,</span> <span class='ocrx_word' id='word_1_22' title='bbox 359 537 414 630; x_wconf 86' lang='lat' dir='ltr'>qui</span> <span class='ocrx_word' id='word_1_23' title='bbox 435 537 509 605; x_wconf 84' lang='lat' dir='ltr'>iacit</span> <span class='ocrx_word' id='word_1_24' title='bbox 529 533 678 604; x_wconf 88' lang='lat' dir='ltr'>iustitiam</span> <span class='ocrx_word' id='word_1_25' title='bbox 701 535 791 609; x_wconf 87' lang='lat' dir='ltr'>omui</span> <span class='ocrx_word' id='word_1_26' title='bbox 811 544 968 625; x_wconf 83' lang='lat' dir='ltr'>tempore.</span> <span class='ocrx_word' id='word_1_27' title='bbox 1013 532 1044 600; x_wconf 85' lang='lat'>4.</span> <span class='ocrx_word' id='word_1_28' title='bbox 1067 533 1232 602; x_wconf 79' lang='lat' dir='ltr'><strong>Memento</strong></span> <span class='ocrx_word' id='word_1_29' title='bbox 1247 536 1313 604; x_wconf 89' lang='lat' dir='ltr'>mei</span> 
     </span>
     <span class='ocr_line' id='line_1_7' title="bbox 116 637 1313 734; baseline -0.002 -21"><span class='ocrx_word' id='word_1_30' title='bbox 116 727 119 734; x_wconf 25' lang='grc' dir='ltr'>Ι</span> <span class='ocrx_word' id='word_1_31' title='bbox 174 644 293 716; x_wconf 87' lang='lat' dir='ltr'>lehovn</span> <span class='ocrx_word' id='word_1_32' title='bbox 326 646 359 712; x_wconf 90' lang='lat' dir='ltr'>in</span> <span class='ocrx_word' id='word_1_33' title='bbox 392 639 587 734; x_wconf 83' lang='lat' dir='ltr'>beneplacito</span> <span class='ocrx_word' id='word_1_34' title='bbox 620 639 731 733; x_wconf 80' lang='lat' dir='ltr'>po‘puli</span> <span class='ocrx_word' id='word_1_35' title='bbox 763 640 826 724; x_wconf 90' lang='lat' dir='ltr'>tui,</span> <span class='ocrx_word' id='word_1_36' title='bbox 859 637 950 718; x_wconf 82' lang='lat' dir='ltr'>visita</span> <span class='ocrx_word' id='word_1_37' title='bbox 983 663 1036 722; x_wconf 75' lang='lat' dir='ltr'>rue</span> <span class='ocrx_word' id='word_1_38' title='bbox 1062 640 1096 708; x_wconf 89' lang='lat' dir='ltr'>in</span> <span class='ocrx_word' id='word_1_39' title='bbox 1114 639 1220 714; x_wconf 64' lang='lat' dir='ltr'>,salute</span> <span class='ocrx_word' id='word_1_40' title='bbox 1242 653 1313 712; x_wconf 72' lang='lat' dir='ltr'>tuas</span> 
     </span>
     <span class='ocr_line' id='line_1_8' title="bbox 176 745 1313 828; baseline -0.011 -3"><span class='ocrx_word' id='word_1_41' title='bbox 176 759 206 826; x_wconf 90' lang='lat'>5.</span> <span class='ocrx_word' id='word_1_42' title='bbox 230 753 275 822; x_wconf 88' lang='lat' dir='ltr'>Ut</span> <span class='ocrx_word' id='word_1_43' title='bbox 301 751 426 821; x_wconf 84' lang='lat' dir='ltr'>videam</span> <span class='ocrx_word' id='word_1_44' title='bbox 453 746 693 816; x_wconf 80' lang='lat' dir='ltr'>beneficentiam</span> <span class='ocrx_word' id='word_1_45' title='bbox 720 745 892 816; x_wconf 89' lang='lat' dir='ltr'>electorum</span> <span class='ocrx_word' id='word_1_46' title='bbox 921 755 1066 828; x_wconf 89' lang='lat' dir='ltr'>tuorum,</span> <span class='ocrx_word' id='word_1_47' title='bbox 1098 755 1136 814; x_wconf 87' lang='lat' dir='ltr'>ut</span> <span class='ocrx_word' id='word_1_48' title='bbox 1161 745 1260 816; x_wconf 81' lang='lat' dir='ltr'>laeter</span> <span class='ocrx_word' id='word_1_49' title='bbox 1279 748 1313 813; x_wconf 90' lang='lat' dir='ltr'>in</span> 
     </span>
     <span class='ocr_line' id='line_1_9' title="bbox 176 848 1331 950; baseline -0.01 -21"><span class='ocrx_word' id='word_1_50' title='bbox 176 859 294 929; x_wconf 83' lang='lat' dir='ltr'>laetitia</span> <span class='ocrx_word' id='word_1_51' title='bbox 313 855 413 950; x_wconf 82' lang='lat' dir='ltr'>gentis</span> <span class='ocrx_word' id='word_1_52' title='bbox 436 864 518 938; x_wconf 83' lang='lat' dir='ltr'>tune,</span> <span class='ocrx_word' id='word_1_53' title='bbox 540 863 576 920; x_wconf 92' lang='lat' dir='ltr'>nt</span> <span class='ocrx_word' id='word_1_54' title='bbox 598 851 713 946; x_wconf 77' lang='lat' dir='ltr'><strong>glorier</strong></span> <span class='ocrx_word' id='word_1_55' title='bbox 734 873 812 919; x_wconf 90' lang='lat' dir='ltr'>cum</span> <span class='ocrx_word' id='word_1_56' title='bbox 833 849 1023 920; x_wconf 88' lang='lat' dir='ltr'>haereditate</span> <span class='ocrx_word' id='word_1_57' title='bbox 1045 862 1108 920; x_wconf 90' lang='lat' dir='ltr'>tua.</span> <span class='ocrx_word' id='word_1_58' title='bbox 1327 848 1331 856; x_wconf 81' lang='grc'><strong>’</strong></span> 
     </span>
    </p>
   </div>
   <div class='ocr_carea' id='block_1_4' title="bbox 178 1129 1316 1480">
    <p class='ocr_par' dir='ltr' id='par_1_5' title="bbox 178 1117 1316 1480">
     <span class='ocr_line' id='line_1_10' title="bbox 278 1129 1311 1296; baseline -0.007 -73.555"><span class='ocrx_word' id='word_1_59' title='bbox 278 1161 304 1222; x_wconf 81' lang='lat' dir='ltr'>l.</span> <span class='ocrx_word' id='word_1_60' title='bbox 335 1161 488 1220; x_wconf 76' lang='lat' dir='ltr'>Celebrate.</span> <span class='ocrx_word' id='word_1_61' title='bbox 537 1131 707 1222; x_wconf 68' lang='lat' dir='ltr'>blxhorlalio</span> <span class='ocrx_word' id='word_1_62' title='bbox 733 1129 837 1254; x_wconf 33' lang='lat' dir='ltr'>‘qnasi&#39;</span> <span class='ocrx_word' id='word_1_63' title='bbox 855 1157 1046 1253; x_wconf 79' lang='lat' dir='ltr'>inscriptionis</span> <span class='ocrx_word' id='word_1_64' title='bbox 1086 1155 1150 1218; x_wconf 87' lang='lat' dir='ltr'>vice</span> <span class='ocrx_word' id='word_1_65' title='bbox 1172 1157 1311 1296; x_wconf 60' lang='lat' dir='ltr'>ponilppp</span> 
     </span>
     <span class='ocr_line' id='line_1_11' title="bbox 178 1235 1314 1396; baseline -0.009 -14"><span class='ocrx_word' id='word_1_66' title='bbox 178 1239 348 1394; x_wconf 68' lang='lat' dir='ltr'>libili?</span> <span class='ocrx_word' id='word_1_67' title='bbox 369 1235 1314 1396; x_wconf 54' lang='lat' dir='ltr'>,ii‘bmattltla1til&#39;‘llutitlmpitllittaei</span> 
     </span>
     <span class='ocr_line' id='line_1_12' title="bbox 179 1388 1316 1480; baseline -0.007 -19"><span class='ocrx_word' id='word_1_68' title='bbox 179 1400 295 1480; x_wconf 77' lang='lat' dir='ltr'>colligat</span> <span class='ocrx_word' id='word_1_69' title='bbox 314 1388 453 1479; x_wconf 86' lang='lat' dir='ltr'>populus:</span> <span class='ocrx_word' id='word_1_70' title='bbox 473 1403 560 1478; x_wconf 85' lang='lat' dir='ltr'>atque</span> <span class='ocrx_word' id='word_1_71' title='bbox 577 1398 618 1456; x_wconf 89' lang='lat' dir='ltr'>ita</span> <span class='ocrx_word' id='word_1_72' title='bbox 638 1395 743 1468; x_wconf 86' lang='lat' dir='ltr'>Deum,</span> <span class='ocrx_word' id='word_1_73' title='bbox 765 1395 896 1475; x_wconf 84' lang='lat' dir='ltr'>quamvis</span> <span class='ocrx_word' id='word_1_74' title='bbox 916 1400 986 1454; x_wconf 90' lang='lat' dir='ltr'>tunc</span> <span class='ocrx_word' id='word_1_75' title='bbox 1005 1395 1130 1454; x_wconf 79' lang='lat' dir='ltr'>offensus</span> <span class='ocrx_word' id='word_1_76' title='bbox 1150 1396 1233 1469; x_wconf 83' lang='lat' dir='ltr'>toret,</span> <span class='ocrx_word' id='word_1_77' title='bbox 1253 1395 1316 1474; x_wconf 84' lang='lat' dir='ltr'>pln-</span> 
     </span>
    </p>
   </div>
   <div class='ocr_carea' id='block_1_5' title="bbox 179 1471 1420 1557">
    <p class='ocr_par' dir='ltr' id='par_1_6' title="bbox 179 1471 1420 1557">
     <span class='ocr_line' id='line_1_13' title="bbox 179 1471 1420 1557; baseline -0.006 -18"><span class='ocrx_word' id='word_1_78' title='bbox 179 1478 299 1540; x_wconf 90' lang='lat' dir='ltr'>cabilcm</span> <span class='ocrx_word' id='word_1_79' title='bbox 318 1484 413 1557; x_wconf 79' lang='lat' dir='ltr'>speret</span> <span class='ocrx_word' id='word_1_80' title='bbox 432 1475 501 1538; x_wconf 81' lang='lat' dir='ltr'>lore</span> <span class='ocrx_word' id='word_1_81' title='bbox 541 1471 628 1556; x_wconf 78' lang='lat' dir='ltr'>Ergo,</span> <span class='ocrx_word' id='word_1_82' title='bbox 649 1473 704 1536; x_wconf 88' lang='lat' dir='ltr'>Dei</span> <span class='ocrx_word' id='word_1_83' title='bbox 724 1474 822 1534; x_wconf 86' lang='lat' dir='ltr'>laudes</span> <span class='ocrx_word' id='word_1_84' title='bbox 842 1473 981 1549; x_wconf 88' lang='lat' dir='ltr'>cauendo,</span> <span class='ocrx_word' id='word_1_85' title='bbox 1001 1481 1145 1534; x_wconf 84' lang='lat' dir='ltr'>revocare</span> <span class='ocrx_word' id='word_1_86' title='bbox 1158 1475 1187 1532; x_wconf 90' lang='lat' dir='ltr'>iu</span> <span class='ocrx_word' id='word_1_87' title='bbox 1206 1493 1313 1534; x_wconf 88' lang='lat' dir='ltr'>memo·</span> <span class='ocrx_word' id='word_1_88' title='bbox 1418 1479 1420 1492; x_wconf 68' lang='lat'><strong><em>⁴</em></strong></span> 
     </span>
    </p>
   </div>
   <div class='ocr_carea' id='block_1_6' title="bbox 179 1553 1316 1876">
    <p class='ocr_par' dir='ltr' id='par_1_7' title="bbox 179 1553 1316 1715">
     <span class='ocr_line' id='line_1_14' title="bbox 179 1553 1316 1636; baseline -0.007 -16"><span class='ocrx_word' id='word_1_89' title='bbox 179 1559 251 1620; x_wconf 86' lang='lat' dir='ltr'>riam</span> <span class='ocrx_word' id='word_1_90' title='bbox 280 1553 359 1622; x_wconf 87' lang='lat' dir='ltr'>iubet</span> <span class='ocrx_word' id='word_1_91' title='bbox 386 1574 461 1635; x_wconf 87' lang='lat' dir='ltr'>quae</span> <span class='ocrx_word' id='word_1_92' title='bbox 490 1555 682 1636; x_wconf 84' lang='lat' dir='ltr'>praesentium</span> <span class='ocrx_word' id='word_1_93' title='bbox 707 1553 849 1616; x_wconf 85' lang='lat' dir='ltr'>malorum</span> <span class='ocrx_word' id='word_1_94' title='bbox 868 1553 957 1616; x_wconf 87' lang='lat' dir='ltr'>lenire</span> <span class='ocrx_word' id='word_1_95' title='bbox 976 1554 1105 1615; x_wconf 91' lang='lat' dir='ltr'>dolorem</span> <span class='ocrx_word' id='word_1_96' title='bbox 1125 1561 1256 1633; x_wconf 75' lang='lat' dir='ltr'><strong>possent,</strong></span> <span class='ocrx_word' id='word_1_97' title='bbox 1286 1559 1316 1612; x_wconf 90' lang='lat' dir='ltr'>ct</span> 
     </span>
     <span class='ocr_line' id='line_1_15' title="bbox 179 1634 683 1715; baseline -0.012 -17"><span class='ocrx_word' id='word_1_98' title='bbox 179 1638 289 1698; x_wconf 89' lang='lat' dir='ltr'>animos</span> <span class='ocrx_word' id='word_1_99' title='bbox 312 1653 330 1696; x_wconf 93' lang='lat' dir='ltr'>a</span> <span class='ocrx_word' id='word_1_100' title='bbox 349 1635 398 1694; x_wconf 90' lang='lat' dir='ltr'>de</span> <span class='ocrx_word' id='word_1_101' title='bbox 419 1635 545 1696; x_wconf 88' lang='lat' dir='ltr'>eratione</span> <span class='ocrx_word' id='word_1_102' title='bbox 568 1634 683 1715; x_wconf 82' lang='lat' dir='ltr'>erigere.</span> 
     </span>
    </p>

    <p class='ocr_par' dir='ltr' id='par_1_8' title="bbox 179 1707 1316 1876">
     <span class='ocr_line' id='line_1_16' title="bbox 184 1707 1315 1796; baseline -0.007 -19"><span class='ocrx_word' id='word_1_103' title='bbox 184 1720 188 1728; x_wconf 92' lang='lat'>&#39;</span> <span class='ocrx_word' id='word_1_104' title='bbox 260 1719 288 1777; x_wconf 78' lang='lat'>2.</span> <span class='ocrx_word' id='word_1_105' title='bbox 309 1721 385 1788; x_wconf 77' lang='lat' dir='ltr'>Quis</span> <span class='ocrx_word' id='word_1_106' title='bbox 433 1723 545 1796; x_wconf 69' lang='lat' dir='ltr'>peter.</span> <span class='ocrx_word' id='word_1_107' title='bbox 566 1711 666 1774; x_wconf 89' lang='lat' dir='ltr'>Potest</span> <span class='ocrx_word' id='word_1_108' title='bbox 684 1709 732 1772; x_wconf 91' lang='lat' dir='ltr'>hie</span> <span class='ocrx_word' id='word_1_109' title='bbox 750 1730 851 1780; x_wconf 83' lang='lat' dir='ltr'>versus</span> <span class='ocrx_word' id='word_1_110' title='bbox 871 1709 982 1772; x_wconf 88' lang='lat' dir='ltr'>duobus</span> <span class='ocrx_word' id='word_1_111' title='bbox 1002 1711 1094 1779; x_wconf 89' lang='lat' dir='ltr'>mndis</span> <span class='ocrx_word' id='word_1_112' title='bbox 1113 1707 1315 1792; x_wconf 71' lang='lat' dir='ltr'>exponi&#39;nam</span> 
     </span>
     <span class='ocr_line' id='line_1_17' title="bbox 179 1788 1316 1876; baseline -0.007 -20"><span class='ocrx_word' id='word_1_113' title='bbox 179 1795 204 1856; x_wconf 91' lang='lat' dir='ltr'>si</span> <span class='ocrx_word' id='word_1_114' title='bbox 228 1793 402 1854; x_wconf 88' lang='lat' dir='ltr'>coniunctim</span> <span class='ocrx_word' id='word_1_115' title='bbox 425 1793 503 1872; x_wconf 77' lang='lat' dir='ltr'>legas</span> <span class='ocrx_word' id='word_1_116' title='bbox 522 1810 589 1856; x_wconf 90' lang='lat' dir='ltr'>oum</span> <span class='ocrx_word' id='word_1_117' title='bbox 607 1794 738 1876; x_wconf 80' lang='lat' dir='ltr'>proxime</span> <span class='ocrx_word' id='word_1_118' title='bbox 756 1793 899 1874; x_wconf 88' lang='lat' dir='ltr'>sequenti,</span> <span class='ocrx_word' id='word_1_119' title='bbox 919 1811 1019 1852; x_wconf 87' lang='lat' dir='ltr'>sensus</span> <span class='ocrx_word' id='word_1_120' title='bbox 1038 1792 1101 1864; x_wconf 88' lang='lat' dir='ltr'>erit,</span> <span class='ocrx_word' id='word_1_121' title='bbox 1119 1810 1179 1851; x_wconf 91' lang='lat' dir='ltr'>nou</span> <span class='ocrx_word' id='word_1_122' title='bbox 1198 1788 1316 1850; x_wconf 84' lang='lat' dir='ltr'>idoneos</span> 
     </span>
    </p>
   </div>
   <div class='ocr_carea' id='block_1_7' title="bbox 80 1867 1315 1954">
    <p class='ocr_par' dir='ltr' id='par_1_9' title="bbox 80 1867 1315 1954">
     <span class='ocr_line' id='line_1_18' title="bbox 80 1867 1315 1954; baseline -0.008 -16"><span class='ocrx_word' id='word_1_123' title='bbox 80 1910 92 1944; x_wconf 58' lang='grc' dir='ltr'>ς</span> <span class='ocrx_word' id='word_1_124' title='bbox 180 1893 242 1938; x_wconf 86' lang='lat' dir='ltr'>esso</span> <span class='ocrx_word' id='word_1_125' title='bbox 262 1871 403 1954; x_wconf 88' lang='lat' dir='ltr'>quoslibet</span> <span class='ocrx_word' id='word_1_126' title='bbox 420 1871 538 1933; x_wconf 88' lang='lat' dir='ltr'>laudum</span> <span class='ocrx_word' id='word_1_127' title='bbox 553 1869 609 1931; x_wconf 90' lang='lat' dir='ltr'>Dei</span> <span class='ocrx_word' id='word_1_128' title='bbox 626 1889 792 1952; x_wconf 80' lang='lat' dir='ltr'>praecones,</span> <span class='ocrx_word' id='word_1_129' title='bbox 811 1871 878 1952; x_wconf 88' lang='lat' dir='ltr'>quia</span> <span class='ocrx_word' id='word_1_130' title='bbox 898 1871 978 1952; x_wconf 90' lang='lat' dir='ltr'>impii</span> <span class='ocrx_word' id='word_1_131' title='bbox 997 1877 1026 1930; x_wconf 92' lang='lat' dir='ltr'>et</span> <span class='ocrx_word' id='word_1_132' title='bbox 1046 1867 1174 1930; x_wconf 78' lang='lat' dir='ltr'>scelerati</span> <span class='ocrx_word' id='word_1_133' title='bbox 1194 1889 1244 1929; x_wconf 88' lang='lat' dir='ltr'>ore</span> <span class='ocrx_word' id='word_1_134' title='bbox 1263 1869 1315 1928; x_wconf 92' lang='lat' dir='ltr'>im·</span> 
     </span>
    </p>
   </div>
   <div class='ocr_carea' id='block_1_8' title="bbox 181 1946 1317 2108">
    <p class='ocr_par' dir='ltr' id='par_1_10' title="bbox 181 1946 1317 2108">
     <span class='ocr_line' id='line_1_19' title="bbox 181 1946 1316 2088; baseline -0.004 -77"><span class='ocrx_word' id='word_1_135' title='bbox 181 1970 256 2088; x_wconf 70' lang='lat' dir='ltr'>&#39;puro</span> <span class='ocrx_word' id='word_1_136' title='bbox 277 1951 347 2011; x_wconf 83' lang='lat' dir='ltr'>nihil</span> <span class='ocrx_word' id='word_1_137' title='bbox 366 1950 443 2011; x_wconf 88' lang='lat' dir='ltr'>aliud</span> <span class='ocrx_word' id='word_1_138' title='bbox 463 1969 549 2030; x_wconf 88' lang='lat' dir='ltr'>quam</span> <span class='ocrx_word' id='word_1_139' title='bbox 570 1969 683 2012; x_wconf 86' lang='lat' dir='ltr'>sacrum</span> <span class='ocrx_word' id='word_1_140' title='bbox 703 1951 765 2010; x_wconf 88' lang='lat' dir='ltr'>eius</span> <span class='ocrx_word' id='word_1_141' title='bbox 786 1947 899 2012; x_wconf 89' lang='lat' dir='ltr'>Nomen</span> <span class='ocrx_word' id='word_1_142' title='bbox 918 1949 1085 2030; x_wconf 77' lang='lat' dir='ltr'>profanent,</span> <span class='ocrx_word' id='word_1_143' title='bbox 1110 1949 1194 2009; x_wconf 86' lang='lat' dir='ltr'>sicuti</span> <span class='ocrx_word' id='word_1_144' title='bbox 1213 1946 1316 2007; x_wconf 89' lang='lat' dir='ltr'>dicitnr</span> 
     </span>
     <span class='ocr_line' id='line_1_20' title="bbox 209 2023 1317 2108; baseline -0.004 -18"><span class='ocrx_word' id='word_1_145' title='bbox 209 2023 452 2104; x_wconf 79' lang='lat' dir='ltr'>salmo&#39;50,16.:</span> <span class='ocrx_word' id='word_1_146' title='bbox 482 2036 570 2108; x_wconf 89' lang='lat' dir='ltr'>atque</span> <span class='ocrx_word' id='word_1_147' title='bbox 598 2029 638 2087; x_wconf 91' lang='lat' dir='ltr'>ita</span> <span class='ocrx_word' id='word_1_148' title='bbox 667 2027 736 2087; x_wconf 91' lang='lat' dir='ltr'>huic</span> <span class='ocrx_word' id='word_1_149' title='bbox 758 2030 921 2088; x_wconf 86' lang='lat' dir='ltr'>&#39;sententiae</span> <span class='ocrx_word' id='word_1_150' title='bbox 950 2027 1046 2088; x_wconf 86' lang='lat' dir='ltr'>addita</span> <span class='ocrx_word' id='word_1_151' title='bbox 1065 2033 1140 2086; x_wconf 80' lang='lat' dir='ltr'>estet</span> <span class='ocrx_word' id='word_1_152' title='bbox 1159 2029 1317 2106; x_wconf 79' lang='lat' dir='ltr'>responsio,</span> 
     </span>
    </p>
   </div>
   <div class='ocr_carea' id='block_1_9' title="bbox 36 2101 1316 2190">
    <p class='ocr_par' dir='ltr' id='par_1_11' title="bbox 36 2101 1316 2190">
     <span class='ocr_line' id='line_1_21' title="bbox 36 2101 1316 2190; baseline -0.005 -21"><span class='ocrx_word' id='word_1_153' title='bbox 36 2125 38 2134; x_wconf 76' lang='grc'>’</span> <span class='ocrx_word' id='word_1_154' title='bbox 91 2126 99 2142; x_wconf 67' lang='grc'><strong>“</strong></span> <span class='ocrx_word' id='word_1_155' title='bbox 182 2107 274 2168; x_wconf 80' lang='lat' dir='ltr'>Beati</span> <span class='ocrx_word' id='word_1_156' title='bbox 292 2117 344 2190; x_wconf 79' lang='lat' dir='ltr'>qut</span> <span class='ocrx_word' id='word_1_157' title='bbox 363 2109 531 2170; x_wconf 77' lang='lat' dir='ltr'>custodiunt</span> <span class='ocrx_word' id='word_1_158' title='bbox 552 2107 703 2167; x_wconf 78' lang='lat' dir='ltr'>iudicium.</span> <span class='ocrx_word' id='word_1_159' title='bbox 742 2103 804 2187; x_wconf 79' lang='lat' dir='ltr'>Ego</span> <span class='ocrx_word' id='word_1_160' title='bbox 824 2113 921 2167; x_wconf 89' lang='lat' dir='ltr'>tomen</span> <span class='ocrx_word' id='word_1_161' title='bbox 948 2106 1042 2168; x_wconf 85' lang='lat' dir='ltr'>iudico</span> <span class='ocrx_word' id='word_1_162' title='bbox 1062 2105 1146 2166; x_wconf 88' lang='lat' dir='ltr'>aliam</span> <span class='ocrx_word' id='word_1_163' title='bbox 1166 2123 1228 2165; x_wconf 88' lang='lat' dir='ltr'>esse</span> <span class='ocrx_word' id='word_1_164' title='bbox 1247 2101 1316 2164; x_wconf 90' lang='lat' dir='ltr'>Pro-</span> 
     </span>
    </p>
   </div>
   <div class='ocr_carea' id='block_1_10' title="bbox 181 2181 1342 3388">
    <p class='ocr_par' dir='ltr' id='par_1_12' title="bbox 181 2181 1342 3388">
     <span class='ocr_line' id='line_1_22' title="bbox 204 2181 1316 2264; baseline -0.003 -20"><span class='ocrx_word' id='word_1_165' title='bbox 204 2187 287 2246; x_wconf 87' lang='lat' dir='ltr'>hetne</span> <span class='ocrx_word' id='word_1_166' title='bbox 307 2192 445 2260; x_wconf 89' lang='lat' dir='ltr'>mentem,</span> <span class='ocrx_word' id='word_1_167' title='bbox 471 2185 612 2246; x_wconf 90' lang='lat' dir='ltr'>neminem</span> <span class='ocrx_word' id='word_1_168' title='bbox 632 2183 738 2246; x_wconf 84' lang='lat' dir='ltr'>seilicet</span> <span class='ocrx_word' id='word_1_169' title='bbox 757 2185 937 2260; x_wconf 87' lang='lat' dir='ltr'>mortalidm,</span> <span class='ocrx_word' id='word_1_170' title='bbox 955 2189 1102 2264; x_wconf 83' lang='lat' dir='ltr'>utcunque</span> <span class='ocrx_word' id='word_1_171' title='bbox 1122 2183 1156 2244; x_wconf 93' lang='lat' dir='ltr'>ad</span> <span class='ocrx_word' id='word_1_172' title='bbox 1177 2181 1316 2243; x_wconf 87' lang='lat' dir='ltr'>canendas</span> 
     </span>
     <span class='ocr_line' id='line_1_23' title="bbox 182 2207 1316 2342; baseline -0.003 -18"><span class='ocrx_word' id='word_1_173' title='bbox 182 2207 240 2324; x_wconf 78' lang='lat' dir='ltr'>bet</span> <span class='ocrx_word' id='word_1_174' title='bbox 269 2263 366 2325; x_wconf 88' lang='lat' dir='ltr'>laudes</span> <span class='ocrx_word' id='word_1_175' title='bbox 396 2265 488 2324; x_wconf 87' lang='lat' dir='ltr'>studia</span> <span class='ocrx_word' id='word_1_176' title='bbox 518 2265 614 2324; x_wconf 87' lang='lat' dir='ltr'>omnia</span> <span class='ocrx_word' id='word_1_177' title='bbox 637 2271 667 2325; x_wconf 89' lang='lat' dir='ltr'>et</span> <span class='ocrx_word' id='word_1_178' title='bbox 691 2272 810 2325; x_wconf 89' lang='lat' dir='ltr'>conatos</span> <span class='ocrx_word' id='word_1_179' title='bbox 829 2281 898 2324; x_wconf 87' lang='lat' dir='ltr'>snos</span> <span class='ocrx_word' id='word_1_180' title='bbox 918 2263 1059 2338; x_wconf 83' lang='lat' dir='ltr'>conterat,</span> <span class='ocrx_word' id='word_1_181' title='bbox 1088 2270 1147 2323; x_wconf 88' lang='lat' dir='ltr'>tarn</span> <span class='ocrx_word' id='word_1_182' title='bbox 1168 2261 1316 2342; x_wconf 89' lang='lat' dir='ltr'>splendido</span> 
     </span>
     <span class='ocr_line' id='line_1_24' title="bbox 183 2341 1316 2428; baseline -0.006 -23"><span class='ocrx_word' id='word_1_183' title='bbox 183 2349 353 2428; x_wconf 78' lang='lat' dir='ltr'>prgumeuto</span> <span class='ocrx_word' id='word_1_184' title='bbox 378 2362 476 2426; x_wconf 87' lang='lat' dir='ltr'>parem</span> <span class='ocrx_word' id='word_1_185' title='bbox 501 2341 578 2420; x_wconf 87' lang='lat' dir='ltr'>iore,</span> <span class='ocrx_word' id='word_1_186' title='bbox 603 2345 683 2404; x_wconf 88' lang='lat' dir='ltr'>cuius</span> <span class='ocrx_word' id='word_1_187' title='bbox 702 2344 875 2420; x_wconf 79' lang='lat' dir='ltr'>immensitas</span> <span class='ocrx_word' id='word_1_188' title='bbox 895 2363 994 2403; x_wconf 86' lang='lat' dir='ltr'>sensus</span> <span class='ocrx_word' id='word_1_189' title='bbox 1015 2363 1113 2402; x_wconf 85' lang='lat' dir='ltr'>omnes</span> <span class='ocrx_word' id='word_1_190' title='bbox 1133 2348 1246 2402; x_wconf 90' lang='lat' dir='ltr'>nostros</span> <span class='ocrx_word' id='word_1_191' title='bbox 1267 2341 1316 2399; x_wconf 90' lang='lat' dir='ltr'>ob-</span> 
     </span>
     <span class='ocr_line' id='line_1_25' title="bbox 181 2419 1317 2502; baseline -0.004 -19"><span class='ocrx_word' id='word_1_192' title='bbox 181 2427 250 2484; x_wconf 83' lang='lat' dir='ltr'>ruit.</span> <span class='ocrx_word' id='word_1_193' title='bbox 290 2421 464 2502; x_wconf 80' lang='lat' dir='ltr'>Quanquam</span> <span class='ocrx_word' id='word_1_194' title='bbox 493 2442 552 2484; x_wconf 90' lang='lat' dir='ltr'>nou</span> <span class='ocrx_word' id='word_1_195' title='bbox 582 2441 617 2482; x_wconf 88' lang='lat' dir='ltr'>eo</span> <span class='ocrx_word' id='word_1_196' title='bbox 643 2423 761 2482; x_wconf 86' lang='lat' dir='ltr'>consilio</span> <span class='ocrx_word' id='word_1_197' title='bbox 787 2423 817 2483; x_wconf 92' lang='lat' dir='ltr'>iu</span> <span class='ocrx_word' id='word_1_198' title='bbox 836 2421 956 2490; x_wconf 88' lang='lat' dir='ltr'>sublime</span> <span class='ocrx_word' id='word_1_199' title='bbox 975 2421 1080 2482; x_wconf 88' lang='lat' dir='ltr'>attollit</span> <span class='ocrx_word' id='word_1_200' title='bbox 1100 2419 1155 2481; x_wconf 89' lang='lat' dir='ltr'>Dei</span> <span class='ocrx_word' id='word_1_201' title='bbox 1175 2423 1317 2502; x_wconf 88' lang='lat' dir='ltr'>potentias</span> 
     </span>
     <span class='ocr_line' id='line_1_26' title="bbox 183 2499 1318 2583; baseline -0.004 -21"><span class='ocrx_word' id='word_1_202' title='bbox 183 2505 216 2562; x_wconf 83' lang='lat' dir='ltr'>&#39;nt</span> <span class='ocrx_word' id='word_1_203' title='bbox 234 2521 288 2561; x_wconf 91' lang='lat' dir='ltr'>nos</span> <span class='ocrx_word' id='word_1_204' title='bbox 308 2501 343 2561; x_wconf 91' lang='lat' dir='ltr'>ab</span> <span class='ocrx_word' id='word_1_205' title='bbox 363 2502 418 2562; x_wconf 86' lang='lat' dir='ltr'>illis</span> <span class='ocrx_word' id='word_1_206' title='bbox 438 2499 632 2583; x_wconf 74' lang='lat' dir='ltr'>praedicandis</span> <span class='ocrx_word' id='word_1_207' title='bbox 652 2501 805 2562; x_wconf 83' lang='lat' dir='ltr'>deterreat:</span> <span class='ocrx_word' id='word_1_208' title='bbox 826 2501 877 2562; x_wconf 88' lang='lat' dir='ltr'>sed</span> <span class='ocrx_word' id='word_1_209' title='bbox 896 2501 951 2561; x_wconf 86' lang='lat' dir='ltr'>hec</span> <span class='ocrx_word' id='word_1_210' title='bbox 970 2504 1065 2582; x_wconf 85' lang='lat' dir='ltr'>potius</span> <span class='ocrx_word' id='word_1_211' title='bbox 1084 2502 1193 2562; x_wconf 88' lang='lat' dir='ltr'>rationo</span> <span class='ocrx_word' id='word_1_212' title='bbox 1207 2502 1318 2560; x_wconf 89' lang='lat' dir='ltr'>uossti·</span> 
     </span>
     <span class='ocr_line' id='line_1_27' title="bbox 183 2579 1318 2662; baseline -0.002 -22"><span class='ocrx_word' id='word_1_213' title='bbox 183 2582 275 2641; x_wconf 86' lang='lat' dir='ltr'>molat</span> <span class='ocrx_word' id='word_1_214' title='bbox 300 2587 438 2662; x_wconf 87' lang='lat' dir='ltr'>utsupra</span> <span class='ocrx_word' id='word_1_215' title='bbox 458 2581 532 2642; x_wconf 88' lang='lat' dir='ltr'>vires</span> <span class='ocrx_word' id='word_1_216' title='bbox 551 2582 683 2641; x_wconf 87' lang='lat' dir='ltr'>nitamur.</span> <span class='ocrx_word' id='word_1_217' title='bbox 724 2579 798 2640; x_wconf 90' lang='lat' dir='ltr'>Nam</span> <span class='ocrx_word' id='word_1_218' title='bbox 818 2582 842 2641; x_wconf 91' lang='lat' dir='ltr'>si</span> <span class='ocrx_word' id='word_1_219' title='bbox 861 2587 975 2642; x_wconf 81' lang='lat' dir='ltr'>strenue</span> <span class='ocrx_word' id='word_1_220' title='bbox 995 2581 1149 2655; x_wconf 89' lang='lat' dir='ltr'>currendo,</span> <span class='ocrx_word' id='word_1_221' title='bbox 1174 2581 1258 2660; x_wconf 86' lang='lat' dir='ltr'>louge</span> <span class='ocrx_word' id='word_1_222' title='bbox 1277 2587 1318 2639; x_wconf 91' lang='lat' dir='ltr'>ta·</span> 
     </span>
     <span class='ocr_line' id='line_1_28' title="bbox 183 2658 1319 2740; baseline -0.004 -20"><span class='ocrx_word' id='word_1_223' title='bbox 183 2681 250 2732; x_wconf 85' lang='lat' dir='ltr'>men</span> <span class='ocrx_word' id='word_1_224' title='bbox 270 2659 473 2740; x_wconf 89' lang='lat' dir='ltr'>aperlectione</span> <span class='ocrx_word' id='word_1_225' title='bbox 492 2679 604 2739; x_wconf 84' lang='lat' dir='ltr'>semper</span> <span class='ocrx_word' id='word_1_226' title='bbox 623 2660 775 2734; x_wconf 88' lang='lat' dir='ltr'>distamus,</span> <span class='ocrx_word' id='word_1_227' title='bbox 804 2661 868 2739; x_wconf 88' lang='lat' dir='ltr'>quis</span> <span class='ocrx_word' id='word_1_228' title='bbox 887 2661 945 2720; x_wconf 92' lang='lat' dir='ltr'>iam</span> <span class='ocrx_word' id='word_1_229' title='bbox 965 2658 1093 2740; x_wconf 79' lang='lat' dir='ltr'>pigritiae</span> <span class='ocrx_word' id='word_1_230' title='bbox 1112 2661 1193 2718; x_wconf 87' lang='lat' dir='ltr'>locus</span> <span class='ocrx_word' id='word_1_231' title='bbox 1213 2661 1319 2720; x_wconf 73' lang='lat' dir='ltr'>restat?</span> 
     </span>
     <span class='ocr_line' id='line_1_29' title="bbox 183 2737 1342 2822; baseline 0.003 -24"><span class='ocrx_word' id='word_1_232' title='bbox 183 2737 335 2822; x_wconf 81' lang='lat' dir='ltr'>Optimum</span> <span class='ocrx_word' id='word_1_233' title='bbox 356 2757 424 2798; x_wconf 82' lang='lat' dir='ltr'>vero</span> <span class='ocrx_word' id='word_1_234' title='bbox 445 2739 481 2798; x_wconf 88' lang='lat' dir='ltr'>ad</span> <span class='ocrx_word' id='word_1_235' title='bbox 500 2755 553 2798; x_wconf 90' lang='lat' dir='ltr'>nos</span> <span class='ocrx_word' id='word_1_236' title='bbox 573 2740 738 2800; x_wconf 88' lang='lat' dir='ltr'>animandos</span> <span class='ocrx_word' id='word_1_237' title='bbox 759 2738 966 2814; x_wconf 69' lang='lat' dir='ltr'>solatiantem,</span> <span class='ocrx_word' id='word_1_238' title='bbox 986 2739 1195 2819; x_wconf 83' lang='lat' dir='ltr'>quodecimus,</span> <span class='ocrx_word' id='word_1_239' title='bbox 1216 2745 1342 2802; x_wconf 85' lang='lat' dir='ltr'>utcun-.</span> 
     </span>
     <span class='ocr_line' id='line_1_30' title="bbox 185 2815 1319 2904; baseline -0.001 -26"><span class='ocrx_word' id='word_1_240' title='bbox 185 2835 242 2900; x_wconf 84' lang='lat' dir='ltr'>que</span> <span class='ocrx_word' id='word_1_241' title='bbox 262 2837 314 2878; x_wconf 89' lang='lat' dir='ltr'>uos</span> <span class='ocrx_word' id='word_1_242' title='bbox 333 2817 453 2878; x_wconf 87' lang='lat' dir='ltr'>facultas</span> <span class='ocrx_word' id='word_1_243' title='bbox 473 2817 599 2894; x_wconf 86' lang='lat' dir='ltr'>deficiat,</span> <span class='ocrx_word' id='word_1_244' title='bbox 629 2837 699 2904; x_wconf 87' lang='lat' dir='ltr'>quas</span> <span class='ocrx_word' id='word_1_245' title='bbox 720 2819 871 2878; x_wconf 84' lang='lat' dir='ltr'>exanimo</span> <span class='ocrx_word' id='word_1_246' title='bbox 892 2819 1038 2881; x_wconf 87' lang='lat' dir='ltr'>offerimus</span> <span class='ocrx_word' id='word_1_247' title='bbox 1056 2817 1154 2878; x_wconf 88' lang='lat' dir='ltr'>laudes</span> <span class='ocrx_word' id='word_1_248' title='bbox 1174 2815 1238 2878; x_wconf 89' lang='lat' dir='ltr'>Deo</span> <span class='ocrx_word' id='word_1_249' title='bbox 1259 2817 1319 2898; x_wconf 89' lang='lat' dir='ltr'>pla·</span> 
     </span>
     <span class='ocr_line' id='line_1_31' title="bbox 185 2896 1319 2979; baseline -0.002 -22"><span class='ocrx_word' id='word_1_250' title='bbox 185 2900 267 2957; x_wconf 67' lang='lat' dir='ltr'>reret</span> <span class='ocrx_word' id='word_1_251' title='bbox 289 2902 400 2957; x_wconf 88' lang='lat' dir='ltr'>tantum</span> <span class='ocrx_word' id='word_1_252' title='bbox 421 2915 457 2957; x_wconf 79' lang='lat' dir='ltr'>ue</span> <span class='ocrx_word' id='word_1_253' title='bbox 477 2897 643 2976; x_wconf 81' lang='lat' dir='ltr'>frigeamus:</span> <span class='ocrx_word' id='word_1_254' title='bbox 663 2899 730 2979; x_wconf 87' lang='lat' dir='ltr'>quia</span> <span class='ocrx_word' id='word_1_255' title='bbox 749 2899 833 2957; x_wconf 88' lang='lat' dir='ltr'>nimis</span> <span class='ocrx_word' id='word_1_256' title='bbox 852 2898 1005 2960; x_wconf 88' lang='lat' dir='ltr'>absurdum</span> <span class='ocrx_word' id='word_1_257' title='bbox 1030 2903 1117 2972; x_wconf 86' lang='lat' dir='ltr'>esset,</span> <span class='ocrx_word' id='word_1_258' title='bbox 1146 2897 1197 2978; x_wconf 90' lang='lat' dir='ltr'>qui</span> <span class='ocrx_word' id='word_1_259' title='bbox 1216 2896 1251 2956; x_wconf 93' lang='lat' dir='ltr'>ad</span> <span class='ocrx_word' id='word_1_260' title='bbox 1272 2896 1319 2956; x_wconf 90' lang='lat' dir='ltr'>de·</span> 
     </span>
     <span class='ocr_line' id='line_1_32' title="bbox 185 2973 1342 3056; baseline 0 -20"><span class='ocrx_word' id='word_1_261' title='bbox 185 2979 288 3036; x_wconf 87' lang='lat' dir='ltr'>cimam</span> <span class='ocrx_word' id='word_1_262' title='bbox 307 2981 417 3056; x_wconf 87' lang='lat' dir='ltr'>partem</span> <span class='ocrx_word' id='word_1_263' title='bbox 438 2997 495 3036; x_wconf 90' lang='lat' dir='ltr'>non</span> <span class='ocrx_word' id='word_1_264' title='bbox 515 2973 694 3056; x_wconf 86' lang='lat' dir='ltr'>perveniunt,</span> <span class='ocrx_word' id='word_1_265' title='bbox 714 2977 768 3038; x_wconf 91' lang='lat' dir='ltr'>bac</span> <span class='ocrx_word' id='word_1_266' title='bbox 787 2979 935 3038; x_wconf 87' lang='lat' dir='ltr'>occasione</span> <span class='ocrx_word' id='word_1_267' title='bbox 955 2979 984 3037; x_wconf 91' lang='lat' dir='ltr'>in</span> <span class='ocrx_word' id='word_1_268' title='bbox 1003 2977 1156 3037; x_wconf 86' lang='lat' dir='ltr'>centesima</span> <span class='ocrx_word' id='word_1_269' title='bbox 1176 2984 1298 3056; x_wconf 89' lang='lat' dir='ltr'>torpere.</span> <span class='ocrx_word' id='word_1_270' title='bbox 1333 2985 1342 3000; x_wconf 73' lang='lat'><strong>⁴</strong></span> 
     </span>
     <span class='ocr_line' id='line_1_33' title="bbox 264 3055 1319 3150; baseline -0.003 -34"><span class='ocrx_word' id='word_1_271' title='bbox 264 3059 292 3116; x_wconf 86' lang='grc'>3.</span> <span class='ocrx_word' id='word_1_272' title='bbox 314 3059 404 3116; x_wconf 80' lang='lat' dir='ltr'>Beati</span> <span class='ocrx_word' id='word_1_273' title='bbox 447 3063 479 3115; x_wconf 84' lang='lat' dir='ltr'>ui</span> <span class='ocrx_word' id='word_1_274' title='bbox 502 3057 678 3116; x_wconf 78' lang='lat' dir='ltr'>custodiunt.</span> <span class='ocrx_word' id='word_1_275' title='bbox 718 3055 803 3116; x_wconf 86' lang='lat' dir='ltr'>Hune</span> <span class='ocrx_word' id='word_1_276' title='bbox 826 3072 940 3116; x_wconf 80' lang='lat' dir='ltr'>versum</span> <span class='ocrx_word' id='word_1_277' title='bbox 965 3073 982 3116; x_wconf 84' lang='lat' dir='ltr'>a</span> <span class='ocrx_word' id='word_1_278' title='bbox 1001 3057 1141 3150; x_wconf 80' lang='lat' dir='ltr'>superiori</span> <span class='ocrx_word' id='word_1_279' title='bbox 1167 3055 1319 3136; x_wconf 77' lang='lat' dir='ltr'>distiuguo,</span> 
     </span>
     <span class='ocr_line' id='line_1_34' title="bbox 188 3080 1321 3216; baseline 0.003 -24"><span class='ocrx_word' id='word_1_280' title='bbox 188 3133 230 3193; x_wconf 89' lang='lat' dir='ltr'>sic</span> <span class='ocrx_word' id='word_1_281' title='bbox 249 3139 345 3194; x_wconf 90' lang='lat' dir='ltr'>tamen</span> <span class='ocrx_word' id='word_1_282' title='bbox 365 3140 396 3194; x_wconf 90' lang='lat' dir='ltr'>ut</span> <span class='ocrx_word' id='word_1_283' title='bbox 415 3080 512 3214; x_wconf 74' lang='lat' dir='ltr'>abiquo</span> <span class='ocrx_word' id='word_1_284' title='bbox 531 3135 619 3195; x_wconf 89' lang='lat' dir='ltr'>modo</span> <span class='ocrx_word' id='word_1_285' title='bbox 638 3134 796 3197; x_wconf 84' lang='lat' dir='ltr'>cohaereat.</span> <span class='ocrx_word' id='word_1_286' title='bbox 825 3135 983 3216; x_wconf 85' lang='lat' dir='ltr'>Postquam</span> <span class='ocrx_word' id='word_1_287' title='bbox 1003 3153 1079 3194; x_wconf 89' lang='lat' dir='ltr'>emm</span> <span class='ocrx_word' id='word_1_288' title='bbox 1098 3153 1161 3194; x_wconf 88' lang='lat' dir='ltr'>eam</span> <span class='ocrx_word' id='word_1_289' title='bbox 1181 3136 1321 3195; x_wconf 79' lang='lat' dir='ltr'>virtutum</span> 
     </span>
     <span class='ocr_line' id='line_1_35' title="bbox 184 3212 1320 3297; baseline -0.001 -24"><span class='ocrx_word' id='word_1_290' title='bbox 184 3212 242 3273; x_wconf 91' lang='lat' dir='ltr'>Dei</span> <span class='ocrx_word' id='word_1_291' title='bbox 265 3215 483 3275; x_wconf 82' lang='lat' dir='ltr'>inrmeusilatem</span> <span class='ocrx_word' id='word_1_292' title='bbox 508 3233 570 3291; x_wconf 77' lang='lat' dir='ltr'>esso</span> <span class='ocrx_word' id='word_1_293' title='bbox 596 3214 668 3274; x_wconf 84' lang='lat' dir='ltr'>dixit</span> <span class='ocrx_word' id='word_1_294' title='bbox 686 3214 845 3297; x_wconf 84' lang='lat' dir='ltr'>Propheta,</span> <span class='ocrx_word' id='word_1_295' title='bbox 870 3223 902 3275; x_wconf 87' lang='lat' dir='ltr'>ut</span> <span class='ocrx_word' id='word_1_296' title='bbox 921 3212 1094 3275; x_wconf 83' lang='lat' dir='ltr'>celebrandis</span> <span class='ocrx_word' id='word_1_297' title='bbox 1113 3233 1212 3274; x_wconf 87' lang='lat' dir='ltr'>earnm</span> <span class='ocrx_word' id='word_1_298' title='bbox 1230 3215 1320 3274; x_wconf 90' lang='lat' dir='ltr'>laudi·</span> 
     </span>
     <span class='ocr_line' id='line_1_36' title="bbox 184 3289 1319 3388; baseline 0.001 -37"><span class='ocrx_word' id='word_1_299' title='bbox 184 3289 238 3352; x_wconf 88' lang='lat' dir='ltr'>bus</span> <span class='ocrx_word' id='word_1_300' title='bbox 257 3293 380 3374; x_wconf 87' lang='lat' dir='ltr'>impares</span> <span class='ocrx_word' id='word_1_301' title='bbox 399 3295 456 3354; x_wconf 86' lang='lat' dir='ltr'>siut</span> <span class='ocrx_word' id='word_1_302' title='bbox 475 3314 573 3354; x_wconf 85' lang='lat' dir='ltr'>omues</span> <span class='ocrx_word' id='word_1_303' title='bbox 592 3293 714 3376; x_wconf 81' lang='lat' dir='ltr'>liuguae,</span> <span class='ocrx_word' id='word_1_304' title='bbox 734 3315 810 3356; x_wconf 92' lang='lat' dir='ltr'>nunc</span> <span class='ocrx_word' id='word_1_305' title='bbox 829 3297 914 3356; x_wconf 86' lang='lat' dir='ltr'>ctiam</span> <span class='ocrx_word' id='word_1_306' title='bbox 933 3294 1025 3367; x_wconf 85' lang='lat' dir='ltr'>addit,</span> <span class='ocrx_word' id='word_1_307' title='bbox 1043 3313 1102 3354; x_wconf 90' lang='lat' dir='ltr'>nou</span> <span class='ocrx_word' id='word_1_308' title='bbox 1123 3293 1233 3388; x_wconf 89' lang='lat' dir='ltr'>placere</span> <span class='ocrx_word' id='word_1_309' title='bbox 1254 3291 1319 3352; x_wconf 87' lang='lat' dir='ltr'>Deo</span> 
     </span>
    </p>
   </div>
   <div class='ocr_carea' id='block_1_11' title="bbox 185 3371 1427 3452">
    <p class='ocr_par' dir='ltr' id='par_1_13' title="bbox 185 3371 1427 3452">
     <span class='ocr_line' id='line_1_37' title="bbox 185 3371 1427 3452; baseline 0 -20"><span class='ocrx_word' id='word_1_310' title='bbox 185 3371 284 3432; x_wconf 82' lang='lat' dir='ltr'>landes</span> <span class='ocrx_word' id='word_1_311' title='bbox 304 3391 377 3452; x_wconf 90' lang='lat' dir='ltr'>quae</span> <span class='ocrx_word' id='word_1_312' title='bbox 396 3373 426 3434; x_wconf 91' lang='lat' dir='ltr'>iu</span> <span class='ocrx_word' id='word_1_313' title='bbox 446 3393 496 3433; x_wconf 91' lang='lat' dir='ltr'>ore</span> <span class='ocrx_word' id='word_1_314' title='bbox 516 3375 626 3434; x_wconf 83' lang='lat' dir='ltr'>tantum</span> <span class='ocrx_word' id='word_1_315' title='bbox 645 3381 791 3447; x_wconf 84' lang='lat' dir='ltr'>resonent,</span> <span class='ocrx_word' id='word_1_316' title='bbox 814 3375 869 3435; x_wconf 87' lang='lat' dir='ltr'>nisi</span> <span class='ocrx_word' id='word_1_317' title='bbox 889 3376 1067 3436; x_wconf 84' lang='lat' dir='ltr'>consentiant</span> <span class='ocrx_word' id='word_1_318' title='bbox 1085 3375 1187 3448; x_wconf 89' lang='lat' dir='ltr'>ammi,</span> <span class='ocrx_word' id='word_1_319' title='bbox 1213 3375 1271 3434; x_wconf 90' lang='lat' dir='ltr'>imo</span> <span class='ocrx_word' id='word_1_320' title='bbox 1291 3375 1321 3432; x_wconf 87' lang='lat' dir='ltr'>in</span> <span class='ocrx_word' id='word_1_321' title='bbox 1424 3427 1427 3443; x_wconf 85' lang='grc'><em>,</em></span> 
     </span>
    </p>
   </div>
   <div class='ocr_carea' id='block_1_12' title="bbox 128 3452 1323 3772">
    <p class='ocr_par' dir='ltr' id='par_1_14' title="bbox 128 3452 1323 3772">
     <span class='ocr_line' id='line_1_38' title="bbox 180 3452 1321 3534; baseline 0 -22"><span class='ocrx_word' id='word_1_322' title='bbox 180 3458 249 3512; x_wconf 86' lang='lat' dir='ltr'>tota</span> <span class='ocrx_word' id='word_1_323' title='bbox 274 3452 333 3512; x_wconf 88' lang='lat' dir='ltr'>vita</span> <span class='ocrx_word' id='word_1_324' title='bbox 357 3452 527 3533; x_wconf 84' lang='lat' dir='ltr'>respoudeat</span> <span class='ocrx_word' id='word_1_325' title='bbox 546 3459 711 3515; x_wconf 89' lang='lat' dir='ltr'>concentus.</span> <span class='ocrx_word' id='word_1_326' title='bbox 741 3452 840 3514; x_wconf 84' lang='lat' dir='ltr'>Brevis</span> <span class='ocrx_word' id='word_1_327' title='bbox 858 3459 953 3513; x_wconf 66' lang='lat' dir='ltr'>numm</span> <span class='ocrx_word' id='word_1_328' title='bbox 973 3460 1016 3515; x_wconf 88' lang='lat' dir='ltr'>est</span> <span class='ocrx_word' id='word_1_329' title='bbox 1034 3471 1121 3513; x_wconf 85' lang='lat' dir='ltr'>verae</span> <span class='ocrx_word' id='word_1_330' title='bbox 1140 3453 1321 3534; x_wconf 75' lang='lat' dir='ltr'>pietatis-dc·</span> 
     </span>
     <span class='ocr_line' id='line_1_39' title="bbox 186 3529 1320 3612; baseline -0.002 -20"><span class='ocrx_word' id='word_1_331' title='bbox 186 3529 293 3604; x_wconf 77' lang='lat' dir='ltr'>finitio,</span> <span class='ocrx_word' id='word_1_332' title='bbox 321 3529 391 3591; x_wconf 85' lang='lat' dir='ltr'>dum</span> <span class='ocrx_word' id='word_1_333' title='bbox 417 3533 509 3612; x_wconf 87' lang='lat' dir='ltr'>primo</span> <span class='ocrx_word' id='word_1_334' title='bbox 533 3532 613 3592; x_wconf 87' lang='lat' dir='ltr'>iubet</span> <span class='ocrx_word' id='word_1_335' title='bbox 630 3531 767 3594; x_wconf 86' lang='lat' dir='ltr'>custodiri</span> <span class='ocrx_word' id='word_1_336' title='bbox 786 3535 945 3607; x_wconf 72' lang='lat' dir='ltr'>iudicium,</span> <span class='ocrx_word' id='word_1_337' title='bbox 966 3533 1066 3594; x_wconf 87' lang='lat' dir='ltr'>deinde</span> <span class='ocrx_word' id='word_1_338' title='bbox 1085 3532 1148 3593; x_wconf 87' lang='lat' dir='ltr'>fieri</span> <span class='ocrx_word' id='word_1_339' title='bbox 1166 3539 1320 3594; x_wconf 75' lang='lat' dir='ltr'>iustitiam.</span> 
     </span>
     <span class='ocr_line' id='line_1_40' title="bbox 128 3605 1322 3694; baseline 0.002 -24"><span class='ocrx_word' id='word_1_340' title='bbox 128 3610 131 3627; x_wconf 90' lang='lat'>&#39;</span> <span class='ocrx_word' id='word_1_341' title='bbox 188 3608 290 3692; x_wconf 88' lang='lat' dir='ltr'>Neque</span> <span class='ocrx_word' id='word_1_342' title='bbox 319 3611 395 3671; x_wconf 87' lang='lat' dir='ltr'>enim</span> <span class='ocrx_word' id='word_1_343' title='bbox 424 3605 522 3671; x_wconf 82' lang='lat' dir='ltr'>dubito</span> <span class='ocrx_word' id='word_1_344' title='bbox 552 3613 623 3692; x_wconf 87' lang='lat' dir='ltr'>quin</span> <span class='ocrx_word' id='word_1_345' title='bbox 648 3613 742 3694; x_wconf 90' lang='lat' dir='ltr'>priore</span> <span class='ocrx_word' id='word_1_346' title='bbox 765 3611 894 3674; x_wconf 87' lang='lat' dir='ltr'>membro</span> <span class='ocrx_word' id='word_1_347' title='bbox 914 3614 1054 3674; x_wconf 87' lang='lat' dir='ltr'>sincerum</span> <span class='ocrx_word' id='word_1_348' title='bbox 1075 3613 1168 3672; x_wconf 86' lang='lat' dir='ltr'>cordis</span> <span class='ocrx_word' id='word_1_349' title='bbox 1188 3611 1322 3672; x_wconf 84' lang='lat' dir='ltr'>affectum</span> 
     </span>
     <span class='ocr_line' id='line_1_41' title="bbox 187 3689 1323 3772; baseline 0.004 -24"><span class='ocrx_word' id='word_1_350' title='bbox 187 3695 281 3749; x_wconf 84' lang='lat' dir='ltr'>notet:</span> <span class='ocrx_word' id='word_1_351' title='bbox 306 3697 406 3770; x_wconf 83' lang='lat' dir='ltr'>postea</span> <span class='ocrx_word' id='word_1_352' title='bbox 425 3690 577 3751; x_wconf 75' lang='lat' dir='ltr'>descendat</span> <span class='ocrx_word' id='word_1_353' title='bbox 595 3689 633 3750; x_wconf 91' lang='lat' dir='ltr'>ad</span> <span class='ocrx_word' id='word_1_354' title='bbox 651 3697 768 3753; x_wconf 86' lang='lat' dir='ltr'>externa</span> <span class='ocrx_word' id='word_1_355' title='bbox 788 3711 883 3772; x_wconf 85' lang='lat' dir='ltr'>opera.</span> <span class='ocrx_word' id='word_1_356' title='bbox 913 3690 1028 3751; x_wconf 78' lang='lat' dir='ltr'>Scimus</span> <span class='ocrx_word' id='word_1_357' title='bbox 1048 3693 1124 3752; x_wconf 91' lang='lat' dir='ltr'>enim</span> <span class='ocrx_word' id='word_1_358' title='bbox 1144 3690 1323 3752; x_wconf 84' lang='lat' dir='ltr'>umbratilem</span> 
     </span>
    </p>
   </div>
   <div class='ocr_carea' id='block_1_13' title="bbox 1 3759 1322 3852">
    <p class='ocr_par' dir='ltr' id='par_1_15' title="bbox 1 3759 1322 3852">
     <span class='ocr_line' id='line_1_42' title="bbox 1 3759 1322 3852; baseline 0.002 -25"><span class='ocrx_word' id='word_1_359' title='bbox 1 3759 2 3796; x_wconf 65' lang='lat'><strong>³</strong></span> <span class='ocrx_word' id='word_1_360' title='bbox 110 3785 113 3796; x_wconf 60' lang='lat'>¹</span> <span class='ocrx_word' id='word_1_361' title='bbox 187 3787 251 3828; x_wconf 83' lang='lat' dir='ltr'>esse</span> <span class='ocrx_word' id='word_1_362' title='bbox 271 3769 420 3842; x_wconf 87' lang='lat' dir='ltr'>iustitium,</span> <span class='ocrx_word' id='word_1_363' title='bbox 445 3771 555 3830; x_wconf 82' lang='lat' dir='ltr'>nisiex</span> <span class='ocrx_word' id='word_1_364' title='bbox 574 3771 670 3829; x_wconf 90' lang='lat' dir='ltr'>animo</span> <span class='ocrx_word' id='word_1_365' title='bbox 689 3770 822 3851; x_wconf 84' lang='lat' dir='ltr'>probitati</span> <span class='ocrx_word' id='word_1_366' title='bbox 842 3771 907 3852; x_wconf 88' lang='lat' dir='ltr'>quis</span> <span class='ocrx_word' id='word_1_367' title='bbox 926 3771 1047 3832; x_wconf 88' lang='lat' dir='ltr'>studeat</span> <span class='ocrx_word' id='word_1_368' title='bbox 1079 3769 1322 3832; x_wconf 87' lang='lat' dir='ltr'>Perseverautiam</span> 
     </span>
    </p>
   </div>
   <div class='ocr_carea' id='block_1_14' title="bbox 123 3849 1395 4406">
    <p class='ocr_par' dir='ltr' id='par_1_16' title="bbox 123 3849 1325 4380">
     <span class='ocr_line' id='line_1_43' title="bbox 188 3849 1323 3930; baseline 0.002 -23"><span class='ocrx_word' id='word_1_369' title='bbox 188 3867 307 3928; x_wconf 78' lang='lat' dir='ltr'>qnoque</span> <span class='ocrx_word' id='word_1_370' title='bbox 329 3849 462 3928; x_wconf 87' lang='lat' dir='ltr'>requirit,</span> <span class='ocrx_word' id='word_1_371' title='bbox 482 3867 519 3910; x_wconf 85' lang='lat' dir='ltr'>ue</span> <span class='ocrx_word' id='word_1_372' title='bbox 538 3851 602 3930; x_wconf 88' lang='lat' dir='ltr'>quis</span> <span class='ocrx_word' id='word_1_373' title='bbox 622 3869 653 3909; x_wconf 89' lang='lat' dir='ltr'>se</span> <span class='ocrx_word' id='word_1_374' title='bbox 673 3849 838 3911; x_wconf 78' lang='lat' dir='ltr'>defunctum</span> <span class='ocrx_word' id='word_1_375' title='bbox 858 3857 949 3930; x_wconf 89' lang='lat' dir='ltr'>putet,</span> <span class='ocrx_word' id='word_1_376' title='bbox 969 3851 1023 3910; x_wconf 83' lang='lat' dir='ltr'>nisi</span> <span class='ocrx_word' id='word_1_377' title='bbox 1043 3851 1093 3930; x_wconf 92' lang='lat' dir='ltr'>qui</span> <span class='ocrx_word' id='word_1_378' title='bbox 1113 3857 1275 3912; x_wconf 86' lang='lat' dir='ltr'>constanter</span> <span class='ocrx_word' id='word_1_379' title='bbox 1294 3856 1323 3909; x_wconf 87' lang='lat' dir='ltr'>et</span> 
     </span>
     <span class='ocr_line' id='line_1_44' title="bbox 187 3926 1323 4025; baseline 0 -37"><span class='ocrx_word' id='word_1_380' title='bbox 187 3934 328 4023; x_wconf 80' lang='lat' dir='ltr'>perpetuo</span> <span class='ocrx_word' id='word_1_381' title='bbox 353 3936 452 3988; x_wconf 87' lang='lat' dir='ltr'>tenore</span> <span class='ocrx_word' id='word_1_382' title='bbox 476 3928 505 3988; x_wconf 92' lang='lat' dir='ltr'>iu</span> <span class='ocrx_word' id='word_1_383' title='bbox 525 3929 652 4024; x_wconf 66' lang='lat' dir='ltr'>stpdium</span> <span class='ocrx_word' id='word_1_384' title='bbox 670 3935 747 3990; x_wconf 91' lang='lat' dir='ltr'>recte</span> <span class='ocrx_word' id='word_1_385' title='bbox 766 3927 897 4010; x_wconf 87' lang='lat' dir='ltr'>iusteque</span> <span class='ocrx_word' id='word_1_386' title='bbox 916 3929 1032 4024; x_wconf 73' lang='lat' dir='ltr'>vivendi</span> <span class='ocrx_word' id='word_1_387' title='bbox 1052 3926 1197 4025; x_wconf 81' lang='lat' dir='ltr'>incumbit.</span> <span class='ocrx_word' id='word_1_388' title='bbox 1239 3927 1323 3988; x_wconf 88' lang='lat' dir='ltr'>Vide-</span> 
     </span>
     <span class='ocr_line' id='line_1_45' title="bbox 123 4006 1324 4148; baseline 0.006 -5"><span class='ocrx_word' id='word_1_389' title='bbox 123 4110 126 4120; x_wconf 83' lang='lat'>·</span> <span class='ocrx_word' id='word_1_390' title='bbox 189 4025 256 4101; x_wconf 53' lang='grc' dir='ltr'>’Ψ</span> <span class='ocrx_word' id='word_1_391' title='bbox 276 4025 352 4144; x_wconf 65' lang='lat' dir='ltr'>‘iim</span> <span class='ocrx_word' id='word_1_392' title='bbox 371 4006 634 4146; x_wconf 63' lang='lat' dir='ltr'>‘td‘ttttttt</span> <span class='ocrx_word' id='word_1_393' title='bbox 651 4008 1031 4148; x_wconf 52' lang='lat' dir='ltr'>liiiialrd&#39;iiiitahoe</span> <span class='ocrx_word' id='word_1_394' title='bbox 1051 4015 1164 4070; x_wconf 51' lang='lat' dir='ltr'>”mm</span> <span class='ocrx_word' id='word_1_395' title='bbox 1178 4009 1324 4091; x_wconf 54' lang='lat' dir='ltr'>&#39;imm&#39;</span> 
     </span>
     <span class='ocr_line' id='line_1_46' title="bbox 190 4103 1324 4250; baseline 0.003 -24"><span class='ocrx_word' id='word_1_396' title='bbox 190 4103 299 4226; x_wconf 48' lang='grc' dir='ltr'>ΨΑ</span> <span class='ocrx_word' id='word_1_397' title='bbox 318 4105 469 4225; x_wconf 40' lang='lat' dir='ltr'>&amp;emano</span> <span class='ocrx_word' id='word_1_398' title='bbox 488 4106 553 4226; x_wconf 64' lang='lat' dir='ltr'>bet.</span> <span class='ocrx_word' id='word_1_399' title='bbox 591 4163 646 4224; x_wconf 83' lang='lat' dir='ltr'>llis</span> <span class='ocrx_word' id='word_1_400' title='bbox 670 4164 764 4226; x_wconf 85' lang='lat' dir='ltr'>verbis</span> <span class='ocrx_word' id='word_1_401' title='bbox 790 4167 913 4228; x_wconf 84' lang='lat' dir='ltr'>declarat</span> <span class='ocrx_word' id='word_1_402' title='bbox 933 4133 1075 4249; x_wconf 71' lang='lat' dir='ltr'>Propheta</span> <span class='ocrx_word' id='word_1_403' title='bbox 1096 4167 1152 4228; x_wconf 89' lang='lat' dir='ltr'>hoc</span> <span class='ocrx_word' id='word_1_404' title='bbox 1171 4167 1225 4228; x_wconf 85' lang='lat' dir='ltr'>sibi</span> <span class='ocrx_word' id='word_1_405' title='bbox 1244 4185 1324 4250; x_wconf 88' lang='lat' dir='ltr'>prae·</span> 
     </span>
     <span class='ocr_line' id='line_1_47' title="bbox 193 4241 1325 4380; baseline 0.003 -76"><span class='ocrx_word' id='word_1_406' title='bbox 193 4241 309 4380; x_wconf 69' lang='lat' dir='ltr'>cippum</span> <span class='ocrx_word' id='word_1_407' title='bbox 328 4262 390 4304; x_wconf 89' lang='lat' dir='ltr'>esse</span> <span class='ocrx_word' id='word_1_408' title='bbox 409 4251 519 4317; x_wconf 80' lang='lat' dir='ltr'>votum,</span> <span class='ocrx_word' id='word_1_409' title='bbox 538 4251 572 4304; x_wconf 90' lang='lat' dir='ltr'>nt</span> <span class='ocrx_word' id='word_1_410' title='bbox 586 4242 665 4314; x_wconf 86' lang='lat' dir='ltr'>Deus</span> <span class='ocrx_word' id='word_1_411' title='bbox 684 4263 811 4306; x_wconf 86' lang='lat' dir='ltr'>amorem</span> <span class='ocrx_word' id='word_1_412' title='bbox 830 4267 888 4342; x_wconf 77' lang='lat' dir='ltr'>qno</span> <span class='ocrx_word' id='word_1_413' title='bbox 904 4245 1064 4342; x_wconf 68' lang='lat' dir='ltr'>llcclesiam</span> <span class='ocrx_word' id='word_1_414' title='bbox 1084 4247 1253 4342; x_wconf 74' lang='lat' dir='ltr'>complexus</span> <span class='ocrx_word' id='word_1_415' title='bbox 1272 4255 1325 4320; x_wconf 85' lang='lat' dir='ltr'>est,</span> 
     </span>
    </p>

    <p class='ocr_par' dir='ltr' id='par_1_17' title="bbox 193 4321 1395 4406">
     <span class='ocr_line' id='line_1_48' title="bbox 193 4321 1395 4406; baseline 0.005 -25"><span class='ocrx_word' id='word_1_416' title='bbox 193 4338 210 4381; x_wconf 85' lang='lat' dir='ltr'>a</span> <span class='ocrx_word' id='word_1_417' title='bbox 250 4341 344 4402; x_wconf 72' lang='lat' dir='ltr'>ipsum</span> <span class='ocrx_word' id='word_1_418' title='bbox 364 4323 512 4398; x_wconf 83' lang='lat' dir='ltr'>extendat,</span> <span class='ocrx_word' id='word_1_419' title='bbox 540 4330 574 4383; x_wconf 92' lang='lat' dir='ltr'>ut</span> <span class='ocrx_word' id='word_1_420' title='bbox 592 4321 648 4384; x_wconf 88' lang='lat' dir='ltr'>boe</span> <span class='ocrx_word' id='word_1_421' title='bbox 668 4324 753 4386; x_wconf 90' lang='lat' dir='ltr'>modo</span> <span class='ocrx_word' id='word_1_422' title='bbox 774 4325 1001 4386; x_wconf 84' lang='lat' dir='ltr'>bencdretronnm</span> <span class='ocrx_word' id='word_1_423' title='bbox 1021 4345 1149 4386; x_wconf 73' lang='lat' dir='ltr'>omnium</span> <span class='ocrx_word' id='word_1_424' title='bbox 1168 4326 1219 4387; x_wconf 85' lang='lat' dir='ltr'>liat</span> <span class='ocrx_word' id='word_1_425' title='bbox 1239 4329 1326 4406; x_wconf 85' lang='lat' dir='ltr'>parti-</span> <span class='ocrx_word' id='word_1_426' title='bbox 1390 4359 1395 4364; x_wconf 85' lang='lat'><em>-</em></span> 
     </span>
    </p>
   </div>
   <div class='ocr_carea' id='block_1_15' title="bbox 1 4369 1327 4500">
    <p class='ocr_par' dir='ltr' id='par_1_18' title="bbox 1 4369 1327 4500">
     <span class='ocr_line' id='line_1_49' title="bbox 1 4369 1327 4500; baseline 0.007 -42"><span class='ocrx_word' id='word_1_427' title='bbox 1 4369 2 4378; x_wconf 8' lang='grc' dir='ltr'>ἵ</span> <span class='ocrx_word' id='word_1_428' title='bbox 84 4490 90 4500; x_wconf 35' lang='grc' dir='ltr'>Ι</span> <span class='ocrx_word' id='word_1_429' title='bbox 193 4419 261 4480; x_wconf 82' lang='lat' dir='ltr'>ceps</span> <span class='ocrx_word' id='word_1_430' title='bbox 281 4401 385 4481; x_wconf 85' lang='lat' dir='ltr'>quibus</span> <span class='ocrx_word' id='word_1_431' title='bbox 403 4403 439 4464; x_wconf 92' lang='lat' dir='ltr'>ab</span> <span class='ocrx_word' id='word_1_432' title='bbox 460 4404 538 4464; x_wconf 85' lang='lat' dir='ltr'>initio</span> <span class='ocrx_word' id='word_1_433' title='bbox 558 4401 640 4466; x_wconf 82' lang='lat' dir='ltr'>Dens</span> <span class='ocrx_word' id='word_1_434' title='bbox 660 4401 792 4486; x_wconf 73' lang='lat' dir='ltr'>dignatus</span> <span class='ocrx_word' id='word_1_435' title='bbox 811 4413 855 4466; x_wconf 85' lang='lat' dir='ltr'>nst</span> <span class='ocrx_word' id='word_1_436' title='bbox 874 4423 941 4468; x_wconf 84' lang='lat' dir='ltr'>snos</span> <span class='ocrx_word' id='word_1_437' title='bbox 961 4407 1077 4482; x_wconf 84' lang='lat' dir='ltr'>elector,</span> <span class='ocrx_word' id='word_1_438' title='bbox 1095 4412 1126 4466; x_wconf 87' lang='lat' dir='ltr'>et</span> <span class='ocrx_word' id='word_1_439' title='bbox 1143 4423 1221 4488; x_wconf 87' lang='lat' dir='ltr'>quas·</span> <span class='ocrx_word' id='word_1_440' title='bbox 1236 4406 1327 4467; x_wconf 77' lang='lat' dir='ltr'>dedis</span> 
     </span>
    </p>
   </div>
   <div class='ocr_carea' id='block_1_16' title="bbox 0 0 1470 4886">
    <p class='ocr_par' dir='ltr' id='par_1_19' title="bbox 0 0 1470 4886">
     <span class='ocr_line' id='line_1_50' title="bbox 0 0 1470 4886; baseline 0 0"><span class='ocrx_word' id='word_1_441' title='bbox 0 0 1470 4886; x_wconf 95' lang='lat' dir='ltr'> </span> 
     </span>
    </p>
   </div>
  </div>
 </body>
</html>
