2874 4888
291 222 295 230 ,
357 192 364 221 l

165 297 216 363 104
583 261 868 338 acassrnos

167 405 220 487 sihi
245 425 313 506 ipsis
337 422 454 484 nebulas
480 419 640 492 obducunt,
669 423 785 498 sperant
810 435 841 474 se
860 413 916 475 liei
942 415 1042 475 oeulos
1083 433 1145 475 osse
1166 415 1303 496 elingere.

165 503 240 586 Ergo
261 511 293 563 ut
312 503 362 562 sihi
384 504 459 561 inani
480 501 536 559 ho'e
555 506 704 578 praetextu
725 495 845 556 blandiri
864 496 1008 568 desinant,
1034 437 1183 568 chronos,
1204 496 1303 554 lunsos

165 589 234 645 istos
255 590 400 643 momento
421 568 578 640 discussum
598 579 647 650 iri,
667 577 716 636 ubi
736 577 765 634 in
786 573 842 633 Dei
861 583 1044 653 conspectum
1065 582 1183 633 ventrem
1201 573 1302 634 luerit.

167 665 248 724 Unde
268 663 406 742 sequitur,
430 680 479 719 eos
498 659 568 718 nihil
588 657 734 738 prolicere,
755 655 823 714 dnm
843 675 860 716 e
880 654 960 713 e'oelo
981 651 1061 712 Deus
1081 655 1213 712 vanitatis
1234 673 1303 712 eon-

167 745 282 804 demnat
302 740 436 821 quicquid
457 745 550 797 astute
569 737 830 796 comminiscuntur.
870 730 944 793 Nam
970 748 1020 792 eos
1046 731 1080 791 ad
1102 733 1225 792 tribuual
1246 733 1304 794 Dei

168 823 292 892 citando,
312 820 431 879 retrahit
451 819 485 877 ad
507 817 638 897 propriae
659 815 847 875 conscientiae
868 831 999 874 examen
1022 811 1106 872 Unde
1126 815 1200 872 enim
1222 833 1304 872 secu-

168 905 246 975 ritas,
267 901 319 958 nisi
340 897 417 978 quod
430 896 495 956 Deo
515 903 628 974 tergum
648 895 815 955 obvertunt:
836 893 976 974 sepeliunt
995 911 1081 952 omne
1100 892 1168 951 boni
1187 899 1216 952 et
1235 893 1312 952 mall

170 981 333 1050 discrimen,
352 984 382 1036 et
402 983 540 1058 quantum
560 977 590 1032 in
610 980 641 1034 sc
660 981 716 1042 est,
737 980 847 1033 exuunt
867 991 980 1034 omnem
1001 973 1134 1031 sensum?
1164 969 1242 1030 Dum
1264 975 1306 1031 itu

170 1081 201 1122 ae
221 1059 341 1120 inaniter
361 1057 532 1128 demulcent,
552 1053 698 1114 denuntiat
710 1051 853 1132 Propheta
873 1053 957 1110 rideri
978 1069 994 1110 a
1015 1049 1080 1111 Deo
1100 1057 1159 1110 tam
1179 1053 1306 1132 pueriles

76 1187 80 1204 ,
171 1140 299 1220 ineptias.
321 1135 395 1196 Nota
416 1137 460 1194 cs't
479 1143 509 1194 et
529 1135 646 1193 celebris
662 1133 815 1192 sententia:
836 1132 886 1192 sed
903 1131 1048 1190 attendere
1062 1149 1164 1210 operae
1179 1133 1307 1212 pretium

171 1226 215 1280 est
230 1217 266 1278 ud
281 1216 430 1276 consilium
450 1213 616 1294 Prophetae,
637 1213 713 1294 quod
727 1213 809 1272 multi
823 1211 971 1292 neglectim
993 1217 1181 1290 praetereunt,
1201 1229 1307 1291 nempe

169 1299 285 1436 tetta
302 1293 583 1434 institutas
603 1289 1306 1450 statuantaaut‘istaista‘

221 1401 234 1434 ¹*
982 1411 989 1442 e

171 1458 254 1516 nimis
275 1461 406 1514 coactum
426 1395 480 1512 eal.
515 1449 661 1532 Loquutio
681 1452 757 1511 enim
778 1458 820 1510 est
841 1455 902 1509 tam
921 1394 1059 1508 Hebralla
1079 1467 1166 1528 quam
1185 1415 1307 1522 Graeca:

172 1555 245 1618 qnae
275 1535 316 1593 sic
344 1533 449 1594 resolvi
479 1529 576 1608 dehet,
610 1529 693 1592 Deus
726 1531 808 1590 novit
844 1529 993 1590 hominum
1029 1531 1213 1610 cogitationes
1241 1549 1308 1589 esse

171 1633 268 1676 vanas.

254 1698 299 1754 12.
330 1696 444 1754 Beatus
467 1701 520 1752 nir.
560 1689 644 1750 Nune
670 1691 705 1750 ab
731 1690 928 1770 obiurgatione
948 1683 1091 1768 Propheta
1116 1689 1150 1747 ad
1176 1683 1305 1750 consola·

173 1776 279 1833 tionem
298 1779 358 1832 tam
378 1775 421 1831 sui
442 1791 529 1852 quam
570 1773 662 1830 iorum
684 1763 812 1829 omnium
833 1771 949 1842 transit,
979 1766 1062 1850 quad·
1077 1767 1158 1827 Dens
1177 1771 1306 1848 ipsorum

174 1853 258 1912 saluti
278 1851 415 1924 consulat,
436 1852 504 1910 dum
524 1794 568 1910 acl
581 1859 691 1930 tempus
711 1851 797 1927 affligi
817 1851 891 1908 sinit.
924 1848 1060 1908 Doctrina
1081 1849 1207 1928 apprime
1228 1851 1307 1908 utilis

173 1935 203 1993 in
221 1937 281 1991 toto
296 1935 371 1990 vitae
383 1919 482 2002 'cursu
499 1933 572 2012 quin
588 1931 721 1989 continua
741 1930 840 1988 militia
861 1927 1036 2008 peragendus
1057 1929 1138 1986 nohis
1157 1929 1208 1987 e's't.
1232 1927 1308 1987 Nam

90 2037 92 2054 ·
176 2022 209 2070 ut
233 2009 313 2070 Deus
337 2010 494 2070 infirmitati
518 2016 632 2069 nostrae
657 2027 790 2088 parcens,
820 2008 926 2088 aliquid
952 2007 1132 2066 relaxationis
1158 2007 1307 2080 concedat,

178 2091 239 2150 vult
260 2098 355 2149 tumen
375 2109 486 2168 semper
506 2089 602 2148 multis
622 2089 729 2146 iniuriis
750 2106 811 2147 esse
830 2089 986 2168 cirpositos.
1005 2085 1180 2145 Etvidemus
1200 2095 1308 2168 (luania

176 2173 212 2230 sit
227 2172 379 2248 impiorum
395 2170 559 2248 petulantia,
578 2167 617 2226 ila
640 2187 675 2226 ue
690 2168 845 2226 miserrima
860 2173 935 2226 esset
950 2168 1010 2224 sine
1024 2165 1079 2223 lroc
1093 2166 1194 2224 solatio
1209 2173 1309 2226 nostra

176 2247 311 2319 conditio,
330 2247 428 2306 heatos
448 2265 511 2308 esse
533 2265 606 2326 quos
656 2266 811 2316 euscruce
830 2253 953 2318 exercet,
974 2245 1021 2304 uhi
1042 2243 1184 2304 nosDeus
1204 2245 1254 2304 sihi
1277 2248 1308 2304 in

176 2328 316 2408 populum
336 2327 464 2406 collegit,
489 2327 602 2387 videtur
621 2342 781 2406 segregasse
801 2343 818 2384 a
837 2327 948 2406 reliquo
973 2324 1095 2398 mundo,
1120 2331 1153 2382 ut
1171 2326 1309 2384 iustitiam

177 2413 207 2467 et
226 2408 395 2486 aequitatem
417 2409 489 2465 inter
507 2425 561 2466 uos
581 2405 711 2477 colendo,
730 2405 811 2465 beata
833 2423 901 2484 pace
922 2423 1019 2462 omues
1040 2403 1174 2463 truamur.
1215 2406 1309 2484 Atqui

178 2505 262 2566 saepo
283 2488 428 2562 continget
446 2491 479 2544 ut
498 2492 647 2566 praetextu
666 2483 839 2544 honorificae
859 2487 1014 2564 potestatis,
1035 2486 1149 2560 tyranni
1169 2485 1307 2544 scelerate

181 2568 342 2645 opprimant
359 2563 526 2622 Ecclesiam:
546 2582 580 2624 ac
599 2564 662 2622 talis
682 2563 737 2622 init
756 2565 875 2622 tentatio
895 2562 931 2622 de
951 2581 1006 2641 qua
1027 2562 1082 2621 hoc
1101 2561 1215 2622 Psalmo
1236 2561 1310 2622 eou·'

177 2652 297 2740 qpestns
315 2651 359 2702 est
378 2642 543 2780 p¹'⁰l'l¹⁸l⁸(;.
556 2644 623 2721 quia
643 2663 701 2778 npn
716 2642 794 2780 lphos
814 2660 900 2778 quplsp
921 2643 1090 2780 plomesticos
1103 2641 1205 2738 ⁸hostes
1225 2661 1308 2780 mg:

176 2723 516 2880 littttttttttt
535 2728 824 2879 hillidii&
844 2729 1309 2882 atnttitttttttta:

177 2883 294 2940 illorum
314 2878 429 2939 libidini.
454 2879 512 2939 Sed
532 2881 667 2940 reclamat
687 2899 724 2938 ex
744 2881 876 2960 opposito
896 2878 1049 2964 Propheta,
1068 2880 1180 2939 aliunde
1200 2883 1308 2960 shpien-

178 2961 246 3018 dum
266 2979 329 3018 esse
350 2977 437 3038 quam
456 2979 493 3017 ex
514 2959 630 3038 propria
650 2959 775 3028 eerehro,
795 2965 822 3018 et
843 2979 915 3042 opus
935 2979 997 3020 esse
1015 2959 1131 3019 coelesti
1151 2961 1309 3040 prudentia.

178 3039 229 3098 Sic
249 3040 325 3098 euim
345 3037 440 3096 locum
460 3037 537 3097 hunc
556 3039 735 3119 interpretor,
756 3045 788 3097 ut
807 3059 870 3110 nos,
890 3039 959 3099 dum
978 3047 1080 3119 urgent
1098 3059 1144 3099 res
1163 3040 1309 3114 adversae,

180 3117 338 3197 tranquillis
363 3119 464 3176 animis
488 3124 610 3188 stemus,
640 3125 670 3177 et
694 3119 833 3198 patienter
855 3126 1052 3199 exspectemus
1076 3117 1131 3177 Dei
1162 3119 1310 3192 auxilium,

180 3217 240 3259 nou
261 3195 341 3256 aliter
361 3195 423 3255 lieri
438 3215 524 3277 quam
540 3198 564 3256 si
580 3195 720 3256 Dominus
740 3217 793 3257 nos
813 3199 842 3257 in
862 3198 959 3257 schola
978 3216 1029 3256 sua
1048 3199 1167 3258 erudiet.
1193 3197 1312 3260 Fatetur

181 3278 258 3333 cuim
279 3273 424 3355 Propheta
445 3297 502 3336 uon
524 3277 562 3335 ita
582 3277 747 3336 naturaliter
766 3296 864 3356 sapere
883 3276 1020 3348 homines,
1040 3285 1072 3336 ut
1092 3297 1144 3358 per
1161 3281 1311 3338 continuas

181 3355 350 3413 afflictiones
370 3358 475 3430 pacatis
496 3358 596 3415 animis
615 3354 651 3414 ad
671 3364 774 3414 metam
795 3358 974 3428 contendant,
994 3357 1043 3415 sed
1058 3357 1131 3416 hanc
1145 3359 1311 3436 sapientiam

175 3434 320 3492 ‘divinitas
340 3433 395 3492 illis
415 3436 545 3494 conserui.
586 3434 652 3494 ldeo
678 3437 819 3496 exclamat
838 3433 935 3496 heatos
954 3455 1016 3496 esse
1035 3455 1108 3516 quos
1127 3435 1208 3496 Deus
1226 3435 1311 3518 Legis

182 3531 251 3571 suae
271 3513 415 3574 doctrinae
433 3514 583 3574 assuefecit
602 3515 637 3573 ad
658 3515 748 3574 crucis
768 3514 955 3588 tolerantiam,
974 3522 1004 3574 et
1023 3536 1096 3596 quos
1109 3517 1193 3576 etiam
1207 3533 1312 3578 arcana

182 3591 306 3672 Spiritus
326 3593 370 3651 sui
390 3593 586 3654 consolatione
605 3593 694 3667 fulcit,
714 3612 750 3652 ne
770 3593 853 3653 rebus
873 3594 997 3654 adversis
1018 3595 1211 3656 succumbant.
1236 3595 1312 3657 Nam
1372 3623 1374 3626 ·

182 3671 261 3748 qurod
282 3673 374 3750 primo
394 3670 476 3745 dicit,
496 3676 611 3732 Beatus
630 3697 712 3756 qum
736 3685 770 3732 in
788 3675 944 3748 mederis,
970 3674 1006 3733 ad
1030 3675 1147 3734 interius
1172 3675 1311 3736 illumina-

182 3752 268 3809 tionis
294 3751 402 3811 donum
427 3752 564 3814 extendo:
594 3757 644 3810 sed
669 3773 739 3812 rnox
762 3752 840 3812 addit
864 3749 1007 3832 Propheta
1032 3755 1196 3836 sapientiam
1227 3755 1311 3829 hane,

204 3851 269 3889 uam
291 3827 372 3904 Deus
393 3830 474 3890 nohis
495 3833 570 3891 iulus
590 3832 717 3911 inspirat,
737 3831 821 3890 simul
841 3834 871 3892 in
891 3831 967 3912 Lege
986 3836 1107 3913 proponi
1127 3841 1155 3893 et
1176 3835 1311 3913 patelieri.

182 3852 251 3984 huo
272 3908 368 3986 elogio
387 3911 568 3970 commendat
587 3919 721 3971 externae
739 3910 884 3970 doctrinae
907 3931 1002 3972 usum:
1028 3915 1110 3973 sicuti
1133 3915 1218 3973 etiam
1244 3914 1314 3974 dicit

181 3987 290 4046 Paulas
310 3975 393 4047 liam.
415 3991 462 4060 15,
483 3989 510 4050 4.
551 3987 655 4050 Omnia
675 3993 778 4070 scripte
798 4009 859 4049 esse
877 3991 914 4050 ad
932 3999 1059 4052 nostram
1078 3992 1249 4054 doctrinam:
1278 3999 1314 4054 ut

181 4089 235 4146 por
254 4067 417 4146 patientiam
437 4073 467 4127 et
486 4069 707 4130 consolationem
726 4069 937 4150 scripturarum
958 4091 1038 4152 spem
1057 4070 1220 4132 habeamus.
1250 4072 1313 4134 lam

183 4147 312 4204 videmus
332 4165 370 4204 ex
390 4167 449 4224 quo
470 4145 548 4206 lonte
568 4147 721 4207 haurienda
741 4149 778 4207 sit
796 4149 940 4229 patientia,
959 4170 1062 4230 nempe
1081 4171 1118 4211 ex
1137 4149 1193 4210 Dei
1212 4171 1312 4212 oracu-

182 4225 237 4308 lis,
258 4243 331 4302 quae
352 4223 464 4283 dolores
483 4232 597 4294 nostros
616 4228 783 4306 mitigando,
802 4231 949 4289 materiam
968 4231 1109 4290 lorcudue
1127 4251 1140 4288 s
1161 4232 1188 4289 ei
1207 4247 1313 4311 suppo-

184 4304 303 4361 ditant.·
325 4303 355 4362 ln
376 4323 501 4377 summa,
521 4303 669 4364 consilium
689 4304 848 4386 Prophetae
868 4315 925 4383 est,
945 4313 1067 4390 primum
1087 4251 1185 4370 fideles
1204 4308 1314 4371 hortari

182 4381 218 4440 ad
240 4381 419 4462 patientiam,
450 4403 486 4444 ne
510 4383 563 4445 suh
584 4403 667 4446 cruce
687 4386 796 4447 animos
816 4388 1022 4470 despondeant,
1051 4389 1149 4450 sedin
1170 4391 1265 4470 quiete
1284 4397 1315 4452 et
