2890 4886
187 316 241 374 275
337 321 340 337 ·
609 301 891 358 sclavinos

188 437 286 501 David
310 438 492 520 conspicuam
515 443 628 501 exstare
646 437 702 500 Dei
723 437 874 500 vindictam
897 437 971 500 inter
989 433 1134 512 hominen,
1163 435 1197 493 nt
1219 427 1330 490 mutiat

190 528 268 582 totns
287 518 410 581 mundns
429 518 524 584 Deum
543 538 606 580 esse
624 519 730 580 iustum
749 519 878 579 iudicem.
1125 519 1129 528 “
1288 533 1291 538 “

269 601 317 664 16.
349 605 429 674 Quin
445 620 508 660 nora
526 601 699 662 recordatus
717 607 768 660 eat·
808 597 867 660 laun
891 598 986 683 decet,
1010 615 1069 659 nou
1093 593 1144 657 ahs
1163 609 1197 654 re
1217 608 1249 649 ee
1269 587 1328 682 hq-

190 676 280 740 stibus
309 697 431 760 poenam
460 679 532 739 adeo
557 677 646 739 duam
669 684 698 739 ct
722 673 845 740 atrdcem
869 678 1029 758 imprecari:
1059 678 1126 758 qnia
1156 667 1328 733 insatiabilia

190 757 277 820 inerit
295 765 397 830 eorum
415 759 584 833 immanitas,
603 765 634 818 et
647 759 810 840 persequuti
824 759 880 817 sint
894 778 951 818 non
966 758 1061 818 minue
1075 753 1217 817 obstinato
1233 765 1327 828 quam

99 845 108 866 “
191 836 299 898 crudeli
318 837 413 898 lurore
433 839 567 898 miserum
587 836 746 911 hominem,
775 837 832 899 acsi
856 856 955 898 canem
976 840 1123 898 mortuum
1143 833 1327 912 impeterent.

190 913 265 976 Nam
284 922 314 978 et
333 914 501 996 Philosophi
521 911 640 979 sordidis
660 923 688 978 et
707 917 854 978 servilibus
873 917 990 998 ingeniis
1011 916 1067 976 hoe
1086 910 1231 984 tribuunt,
1261 923 1326 964 sae·

190 997 368 1057 vtrecontra
388 995 628 1076 miseros'quibne
652 997 747 1058 nullae
772 996 896 1056 suntad
922 994 1107 1056 resistendum
1133 993 1224 1060 vitea,
1255 1003 1327 1044 nim
1432 1047 1433 1058 ,

133 1121 138 1126 -
190 1075 341 1137 aemulatio
361 1082 404 1142 eet
423 1077 497 1136 inter
515 1096 608 1156 parea.
648 1075 771 1157 Ideoque
790 1075 935 1157 Propheta
954 1075 1088 1136 malitiam
1107 1071 1235 1130 hostium
1256 1082 1327 1157 ⁸¹¹?-

189 1175 254 1250 rum
279 1153 447 1250 amplificat,
477 1156 556 1236 quod
580 1157 826 1252 persequutisint
850 1165 988 1252 murrum
1011 1163 1039 1214 et
1063 1162 1189 1234 inopem.
1224 1143 1328 1283 ‘madum

187 1241 274 1373 llll
284 1233 1087 1396 „tttltlltmtltitt,illatfltltitlt
1100 1229 1329 1388 ..Rittttt

188 1391 338 1487 ferendum
361 1398 406 1454 est
430 1391 486 1453 tale
510 1399 688 1475 portentum,
716 1414 752 1454 ee
776 1395 866 1475 magis
890 1396 920 1454 iu
940 1413 971 1454 ee
991 1395 1150 1475 provocant
1169 1389 1327 1468 potentum

188 1472 375 1532 iracundiam.
404 1470 460 1534 Ubi
479 1480 574 1533 anum
594 1473 701 1537 accedit
720 1475 814 1536 cordis
833 1474 961 1545 deiectio,
981 1475 1092 1552 signnm
1111 1475 1156 1528 eat
1175 1473 1328 1526 extremae

187 1550 321 1611 saevitiae
343 1552 433 1631 siquis
456 1551 550 1613 adhuc
574 1553 703 1626 insultet,
732 1553 800 1632 qnid
824 1555 900 1614 enim
925 1552 982 1612 hoc
1005 1548 1082 1612 aliud
1105 1555 1151 1608 eet
1171 1562 1260 1626 quam
1282 1540 1327 1598 lu·

187 1630 259 1690 clari
279 1649 346 1692 cum
366 1631 491 1691 nmhrisi
529 1629 621 1692 Porro
641 1633 817 1711 inexplebilis
837 1632 986 1693 crudelitas
1009 1635 1127 1692 notatur
1145 1625 1204 1686 hoc
1223 1619 1328 1687 amhn,
1432 1649 1433 1654 κ

187 1709 266 1790 quod
285 1702 344 1770 nod
363 1711 528 1770 recordatus
547 1713 583 1770 sit
602 1709 693 1771 lacere
712 1712 941 1772 misericordiam.
970 1709 1119 1790 Significat
1138 1705 1217 1765 enim
1236 1697 1328 1759 nullis

186 1787 310 1850 hominis
329 1790 438 1850 innoxii
459 1795 488 1849 et
507 1791 603 1850 miseri
617 1789 743 1850 cladibus
758 1792 844 1851 luisse
858 1793 918 1850 miti
938 1796 1026 1864 atum,
1046 1794 1080 1847 ut
1094 1786 1196 1846 saltem
1210 1795 1328 1840 memor

186 1866 330 1928 humanae
353 1868 438 1928 eortie
462 1868 604 1929 feritatem
628 1887 709 1928 suam
734 1877 859 1931 exueret.
931 1875 997 1930 utun
1020 1885 1090 1946 ergo
1109 1859 1260 1924 antithesin
1281 1874 1326 1916 re·

147 2013 158 2023 ¹
186 1945 308 2026 spondet
327 1945 402 2005 inter
420 1945 506 2006 talem
525 1949 734 2009 contumaciam
757 1951 786 2004 et
805 1945 979 2007 inexorabile
998 1945 1055 2005 Dei
1072 1941 1222 2003 indicium.
1263 1934 1329 1994 lam

126 2032 132 2047 '
186 2043 278 2098 quum
288 2023 383 2084 David
403 2044 462 2086 non
483 2026 536 2086 nisi
547 2025 671 2114 Spiritus
690 2023 815 2102 impulsu
833 2024 862 2084 lo
886 2031 969 2084 nutus
988 2025 1036 2096 sit,
1054 2022 1172 2103 perinde
1192 2011 1329 2074 habenda

185 2101 230 2153 est
249 2097 320 2155 haec
338 2101 505 2176 imprecatio
523 2118 582 2162 acsi
601 2097 682 2158 Dens
701 2101 763 2178 ise
782 2121 799 2162 e
823 2044 937 2162 cedenti
963 2101 1035 2162 solio
1059 2102 1182 2160 tonaret
1223 2092 1269 2151 lta
1288 2089 1327 2149 ab

184 2191 242 2232 nna
267 2181 348 2254 parta
373 2175 527 2252 uindictam
552 2121 761 2250 denuntiando,
789 2181 914 2240 retendit
937 2181 966 2239 io
990 2177 1073 2240 nobis
1101 2195 1137 2236 ac
1166 2169 1329 2251 compescit

184 2269 294 2392 pppppp
312 2272 417 2392 ompepi
431 2255 552 2316 nocendi
571 2255 757 2394 alleettusrsab
778 2257 1020 2394 ³¹¹⁰l³f¹⁰l⁰f²¹¹¹1
1033 2262 1164 2316 nostrum
1179 2252 1328 2388 tpimperna‘}

184 2351 450 2491 temhdsoesxhdltdd
482 2342 683 2493 ifflpriaidhdh
702 2354 830 2475 lidididhh
843 2355 1000 2475 lhhhnhhec
1019 2351 1204 2474 dhhdddndlih
1218 2347 1327 2466 inhien-

184 2487 239 2564 dit,
270 2489 365 2551 Deum
395 2511 455 2553 non
479 2493 583 2552 irmina
608 2493 638 2552 in
662 2493 779 2552 tutelam
799 2511 880 2554 suam
899 2495 1024 2573 recipere
1043 2491 1177 2552 miseros:
1207 2492 1327 2547 tantum

183 2586 216 2628 ae
235 2567 288 2628 suh
308 2569 524 2639 mansuetudine
543 2573 706 2632 contineant
725 2571 835 2643 fideles,
865 2579 898 2634 nt
917 2574 1035 2633 deiectio
1055 2569 1150 2632 cordis
1170 2583 1274 2628 eorum
1294 2564 1327 2619 in

184 2644 241 2707 Dei
263 2655 448 2729 conspectum
467 2649 627 2712 adscendet.
647 2649 685 2709 Et
698 2653 765 2730 quia
784 2650 866 2712 nobie
885 2652 1012 2712 nondum
1032 2649 1131 2710 datum
1151 2653 1197 2706 eet
1216 2644 1327 2703 discer-

67 2753 68 2764 ¹
183 2745 252 2786 nere
277 2726 382 2787 clectos
407 2746 424 2787 a
448 2729 591 2808 reprobis,
620 2729 760 2790 discamus
785 2729 856 2789 hene
880 2732 989 2810 precari
1014 2728 1146 2790 omnibns
1166 2726 1219 2805 qni
1238 2719 1327 2781 nohis

183 2805 295 2865 molesti
315 2810 392 2880 sunt,
411 2813 511 2887 optare
525 2808 613 2868 totius
627 2807 745 2867 humani
757 2810 867 2887 generis
881 2808 1010 2882 salutem,
1028 2828 1083 2888 pru
1098 2805 1219 2884 singulis
1234 2802 1326 2860 etiam

75 2887 76 2890 ’
183 2901 246 2942 esec
265 2882 386 2943 solliciti.
416 2884 526 2945 Interea
545 2885 602 2944 hoe
619 2905 679 2946 non
699 2887 847 2968 impediet,
876 2887 1005 2948 simodo
1026 2886 1090 2966 pari
1110 2887 1168 2945 sint
1187 2881 1273 2956 nohis
1294 2882 1327 2935 et

131 2989 132 2994 1
183 2963 335 3042 compositi
349 2960 449 3036 hnimi,
468 2963 537 3042 quin
556 2962 643 3026 libere
662 2983 850 3046 provocemus
870 2965 906 3026 ad
926 2965 982 3028 Dei
1000 2965 1147 3039 iudicium,
1166 2967 1201 3022 ut
1219 2959 1326 3036 deope-

184 3044 262 3116 ratos
283 3059 381 3102 omnes
401 3041 476 3102 male
494 3041 603 3123 perdat.
797 3056 799 3067 ’

273 3212 325 3280 17.
354 3211 396 3281 Et
417 3213 527 3284 dilexit
548 3215 814 3300 maledictionem,
841 3227 873 3284 et
894 3217 1000 3286 veniet
1021 3217 1064 3284 ei:
1090 3225 1123 3285 et
1144 3235 1214 3280 non
1239 3231 1327 3278 com·

182 3317 333 3408 placitum
355 3318 413 3386 luit
435 3321 466 3388 ei
486 3321 519 3388 in
541 3322 767 3404 benedictione,
790 3331 823 3389 et
844 3321 1007 3412 elongetur
1028 3322 1067 3388 ah
1090 3343 1142 3388 eo.
1190 3317 1246 3384 18.
1282 3311 1329 3378 Et

182 3421 332 3490 induatur
359 3425 577 3508 maledictione
605 3427 694 3516 quasi
722 3427 926 3494 vestimento:
959 3437 992 3494 et
1018 3425 1138 3508 veniet,
1165 3432 1328 3510 unquam
1432 3463 1433 3468 κ

71 3565 75 3576 ‚
120 3577 121 3580 ,
182 3549 294 3618 aquae,
316 3529 349 3594 in
370 3531 540 3619 penetralia
564 3529 644 3598 eius:
666 3541 699 3598 et
721 3530 802 3598 sicut
823 3528 929 3597 oleum
945 3531 978 3597 in
997 3553 1068 3598 ossa
1085 3530 1164 3597 eius.
1195 3525 1252 3593 19.
1276 3521 1330 3589 Sit

182 3632 212 3700 ei
235 3633 325 3722 quasi
347 3633 478 3725 pallium
500 3657 566 3725 quo
596 3633 766 3724 operiatur,
800 3635 832 3701 tt
858 3633 1017 3724 cingulum
1044 3657 1111 3724 quo
1134 3653 1269 3722 semper
1292 3651 1329 3694 se

182 3739 333 3827 accingat.
377 3739 431 3803 20.
463 3739 535 3807 lloc
557 3761 639 3829 opus
661 3737 893 3804 adversantium
914 3739 991 3808 mihi
1018 3761 1037 3806 a
1059 3737 1196 3821 lehovn,
1223 3745 1261 3802 et
1283 3732 1330 3800 lo».

183 3842 351 3933 quentium
372 3841 493 3909 malum
515 3865 611 3934 super
631 3843 768 3910 animam
787 3865 902 3910 meam.

263 3985 311 4048 17.
341 3986 382 4045 Εἰ
402 3987 504 4046 dilexit
523 3987 764 4047 maledictione.
801 3982 908 4044 Multus
933 3991 976 4047 est
996 3983 1091 4044 David
1116 3986 1147 4044 in
1175 3979 1330 4044 commoda
1432 4033 1433 4038 ,

52 4075 57 4092 ’
181 4059 309 4123 hostium
328 4082 446 4122 suorum
466 4063 623 4142 iniquitate,
642 4081 700 4140 quo
719 4063 821 4122 melina
839 4070 942 4142 pateat,
961 4063 1009 4123 uhi
1023 4064 1052 4123 in
1067 4075 1118 4124 eo's
1133 4069 1196 4122 tam
1211 4061 1329 4141 rigidum

180 4147 368 4213 estunam
387 4139 564 4200 subscribere
583 4139 640 4199 Dei
659 4139 772 4200 indicio.
791 4137 865 4200 Nam
885 4141 939 4202 hoe
958 4159 1070 4220 semper
1089 4140 1255 4202 videndum
1275 4145 1330 4212 est,

181 4217 297 4296 quoties
317 4217 353 4278 ad
374 4216 430 4280 Dei
449 4218 573 4280 tribunal
591 4217 765 4292 accedimns,
794 4226 828 4278 nt
846 4227 921 4281 certa
940 4225 970 4278 et
988 4219 1096 4297 liquida
1115 4237 1225 4280 causae
1245 4217 1330 4278 boni·

83 4355 87 4366 ³
180 4301 225 4352 tas
251 4313 319 4354 enm
344 4295 426 4356 nobie
452 4296 593 4356 conciliet.
633 4293 765 4355 Testatur
788 4317 855 4378 ergo
875 4296 970 4356 David
994 4316 1025 4358 se
1049 4297 1126 4356 hona
1146 4296 1332 4358 conscientia

136 4423 140 4434 .
180 4369 298 4449 fretum,
317 4371 384 4434 Dee
404 4375 539 4436 iudicium
559 4379 658 4434 eontm
676 4373 773 4436 hostes
787 4394 856 4437 suos
870 4375 988 4437 deleme.
1007 4373 1103 4436 Verba
1118 4378 1245 4454 quidm
1262 4380 1332 4436 sunt
