2862 4888
33 1395 37 1404 ·
167 1364 237 1431 Non
258 1365 441 1427 molestiam
478 1370 540 1424 orte
564 1362 730 1444 quadraret,

164 285 204 343 ³2
594 283 882 328 ceraunus

152 409 310 472 'threnaro
329 425 411 470 suem
431 407 559 489 gloriam,
580 408 661 476 aienti
671 406 784 470 Pharao
803 409 834 472 in
853 406 909 474 hoo
927 365 1015 470 luisse
1032 407 1172 476 uenam
1191 407 1309 488 dieitur,

165 489 260 551 Exod.
281 490 329 562 18,
349 489 377 550 4.
407 485 491 548 Rern.
512 490 541 562 9,
561 487 608 550 17.
647 486 710 548 Etsi
736 494 831 550 autem
855 487 903 548 hio
925 507 1025 550 seuam
1049 489 1180 550 eontinet
1199 490 1311 552 utilem·

167 569 336 643 doctrinam,
359 568 427 646 quia
446 575 541 626 umen
561 585 663 628 vereor
680 587 717 628 ue
737 569 773 628 sit
792 568 877 628 ninus
896 573 1023 648 argutus,
1043 567 1209 649 simpliciter
1226 569 1307 632 aoei-

167 651 226 732 pio,
245 646 396 786 Quamvisd
405 647 485 766 initio
504 645 1152 788 ¹¹⁰⁹U¹¹mf⁰ffird2ffi⁰³1³>ffllln⁰ss³22ffllwi
1166 649 1305 792 ffel&

165 728 305 890 dldldlchld
322 733 689 880 ddiffiugehlllllulln
709 747 793 886 phase
812 769 912 868 matra
968 825 1028 868 um.
1047 747 1305 872 Poltellornlatioul

166 908 233 970 pars
257 905 357 948 versuo
376 884 504 946 bifariam
528 889 622 965 potest
645 886 749 966 accipi,
773 886 840 967 quia
859 886 934 948 enim
954 883 1073 949 umbem
1094 885 1169 957 'tm
1189 887 1305 970 angers
1337 890 1344 910 ¹

167 965 315 1050 signifieat,
331 965 451 1046 ¹quidem
470 962 641 1024 subaudiunt
660 985 816 1046 pronomen
832 972 871 1041 te,
890 965 947 1028 hoc
959 983 1054 1038 senen,
1105 968 1216 1031 uamrb
1229 987 1305 1030 non·

167 1049 236 1108 dum
256 1046 400 1129 profligati
418 1045 475 1104 sint
494 1034 593 1104 abnues
612 1041 755 1106 Ecclesiae
774 1043 885 1121 hostes,
909 1052 943 1107 tu
966 1053 1062 1106 umen
1111 1065 1162 1106 eus
1181 1046 1220 1137 ad
1237 1066 1305 1130 per·
1425 1105 1426 1116 ,

167 1125 276 1188 dandos
301 1127 464 1206 quicunque
487 1123 591 1184 residui
617 1130 699 1200 sunt,
722 1130 752 1186 te
776 1125 915 1208 nodngm.
955 1122 1063 1186 Verum
1083 1125 1238 1206 simplicior
1256 1133 1306 1192 est

167 1207 258 1268 diere
282 1205 490 1286 interpretatio,
515 1201 656 1281 Quamvis
680 1223 738 1264 non
763 1205 891 1266 desinant
909 1203 1006 1266 hostes
1025 1203 1225 1268 buculeutiam
1245 1206 1305 1288 spi-

166 1305 241 1361 rare,
261 1291 293 1346 tu
312 1283 465 1344 tamenim
504 1283 563 1344 dies
582 1301 615 1344 ac
628 1285 812 1424 conataeque,
831 1304 868 1344 ne
884 1291 1078 1382 exsequantur
1092 1304 1159 1358 suos
1172 1291 1304 1348 conatus.

781 1383 858 1426 uon
881 1365 910 1424 “,
962 1385 993 1426 m
1011 1363 1192 1442 fasciculum,
1216 1365 1302 1428 sicuti

169 1445 278 1506 Gallice
297 1445 415 1510 dicimus
434 1453 574 1505 trooaser.
610 1441 762 1509 Diseamus
781 1463 858 1524 ergo,
899 1464 947 1506 um
966 1442 1132 1506 obnubilant
1150 1445 1231 1527 impii
1248 1447 1303 1506 im·

167 1527 280 1608 perium
290 1523 357 1600 Dei,
375 1524 513 1609 patienter
526 1527 699 1604 exspectare,
719 1523 787 1584 dum
807 1523 925 1586 laetiore
943 1543 1075 1585 suecmsu
1095 1524 1219 1606 seipsum
1239 1525 1303 1607 glo·

127 1627 132 1653 a
167 1605 261 1668 silicet
278 1603 374 1676 Deus,
404 1610 434 1664 et
457 1623 524 1664 curu
547 1602 671 1663 ludibrio
694 1622 831 1664 emonem
855 1623 956 1665 eorum
984 1603 1132 1668 andaciam
1160 1611 1300 1670 conterat.

125 1683 133 1699 “
169 1683 259 1765 Quod
278 1687 304 1746 si
322 1683 441 1744 subinde
459 1688 606 1764 emergant
623 1682 692 1744 nori
707 1690 813 1756 motus,
832 1685 927 1744 veniat
939 1682 1021 1746 uobis
1036 1684 1067 1744 iu
1080 1689 1215 1764 mentem,
1234 1705 1303 1766 pro·

190 1767 265 1828 dnm
284 1783 345 1825 esse
365 1761 421 1824 bes
440 1783 544 1826 munus
568 1761 701 1843 reliquias
724 1763 949 1844 indignationum
972 1763 1179 1844 constringere,
1207 1785 1245 1826 ue
1269 1783 1302 1826 se

168 1788 282 1926 langius
301 1844 468 1906 diffundant
498 1842 608 1905 lntems
632 1861 669 1904 ne
692 1844 828 1904 miremur
846 1841 964 1906 subinde
985 1843 1125 1925 pullulare
1143 1863 1235 1906 novos
1254 1843 1301 1908 tu·

169 1925 364 2066 norm,dquilq
383 1944 477 2021 nepe
500 1921 537 2020 nd
560 1921 647 2063 fiupm
672 1921 772 1984 mundi
796 1941 909 2006 semper
927 1922 1042 2002 habebit
1060 1921 1151 1986 Satan
1170 1943 1243 2007 quos
1261 1925 1302 1988 ed

168 2023 262 2070 rann
284 2025 316 2066 os
365 2023 391 2064 er
443 2023 484 2064 ros
503 2023 547 2066 rus
588 2022 627 2063 ee
685 2022 689 2037 ⁴

49 2086 52 2094 '
250 2091 298 2148 12.
324 2087 438 2146 Vooste.
467 2083 528 2144 lam
547 2010 800 2163 d'dgratitudiuem
819 2082 917 2146 fideles
936 2082 1077 2146 hortetur.
1107 2083 1184 2164 Quia
1202 2091 1302 2148 autem

172 2165 225 2230 sub
245 2165 320 2246 Ire'ge
339 2185 393 2246 pro
413 2162 602 2246 singularibus
620 2161 678 2224 Dei
698 2163 840 2236 beuefioiis
860 2164 1003 2226 vovebant
1020 2165 1170 2241 sacrificia,
1194 2166 1300 2248 quibus

172 2245 381 2311 confitebantur
399 2240 519 2321 minum
539 2261 620 2303 suam
645 2241 710 2304 Deo
729 2262 760 2306 ee
778 2249 928 2324 acceptam
943 2245 1031 2320 ferre,
1061 2244 1097 2305 ad
1116 2244 1193 2306 bunc
1212 2247 1301 2327 pieta·
1390 2249 1396 2264 '

82 2361 98 2370 ··
172 2329 210 2398 tis
230 2325 339 2388 cultum
357 2344 408 2385 eos
427 2329 544 2384 maneat
556 2317 710 2404 Propheta,
729 2342 764 2386 ac
781 2325 921 2386 reddendi
939 2324 1029 2385 verbo
1048 2326 1232 2386 constentiam
1253 2327 1302 2388 de·

153 2407 273 2486 ‚signat
292 2425 330 2466 ne
348 2405 456 2466 scilicet
474 2404 504 2466 in
518 2402 641 2464 suhitam
656 2402 863 2464 contusionem
878 2423 956 2464 erum
978 2409 1029 2467 unt
1040 2403 1143 2480 solum,
1162 2405 1212 2466 sed
1232 2424 1300 2468 con·

171 2488 253 2548 tineo
282 2486 420 2566 temporis
449 2502 582 2544 successu
611 2489 749 2544 testentur
777 2484 889 2564 penitus
918 2425 1037 2544 intluam
1070 2503 1133 2546 esso
1164 2483 1299 2554 cordibus

171 2567 230 2628 suis
250 2565 423 2626 liberationis
442 2564 618 2624 memoriam.
656 2561 846 2643 Praecipuum
865 2563 980 2644 quidem
999 2569 1043 2624 cst
1060 2570 1093 2622 ut
1111 2563 1188 2646 apud
1207 2583 1238 2625 se
1257 2583 1302 2625 re·

170 2653 275 2728 putent
293 2643 389 2704 Deum
410 2662 473 2703 esse
492 2642 590 2702 salutis
609 2635 764 2702 auctorem:
791 2642 843 2702 sed
866 2663 925 2704 non
949 2653 1129 2724 supervacua
1144 2652 1188 2704 eat
1206 2644 1302 2706 solen·

170 2728 217 2788 nis
235 2723 348 2806 pictatis
368 2721 523 2804 professio,
548 2739 605 2801 qua
624 2741 683 2784 nou
701 2721 788 2782 modo
808 2741 839 2782 se
879 2725 980 2804 arisque
998 2722 1035 2784 ad
1054 2723 1182 2786 officium
1201 2726 1303 2786 stimu-

169 2806 225 2879 lat,
254 2804 305 2866 sed
328 2803 375 2862 alii
399 2803 479 2862 ahos.
518 2799 651 2862 Smunm
677 2801 806 2863 membro
825 2742 937 2866 videtur
957 2803 1063 2864 viduas
1088 2805 1173 2864 etiam
1192 2802 1301 2866 Gentes

170 2885 293 2964 alloqui:
314 2887 374 2943 acsi
393 2883 507 2955 diceret,
526 2882 650 2960 speciem
669 2879 743 2941 hanc
781 2883 867 2941 retiae
887 2882 914 2941 di
935 2901 1001 2942 uam
1019 2900 1083 2944 esse
1101 2903 1175 2965 quae
1194 2881 1230 2944 ab
1250 2903 1302 2944 ex·
1339 2899 1343 2908 ·

171 2966 238 3028 teris
263 2969 292 3024 et
316 2961 517 3024 incircumcisis
542 2959 681 3021 Gentibus
705 2902 870 3022 celelretur.
909 2903 980 3021 lllihi
1004 2967 1100 3022 tamen
1123 2964 1215 3044 aptius
1239 2979 1303 3024 esso

172 3043 208 3108 ad
235 3041 395 3122 Prophetae
418 3047 542 3102 mentem
565 3041 692 3113 videtur,
723 3040 887 3122 compellari
910 3041 958 3102 vel
979 3037 1108 3119 levitas,
1131 3043 1179 3106 vet
1203 3061 1303 3104 omues

160 3121 303 3186 ‘Abrahae
322 3128 466 3202 posteros:
490 3139 614 3200 quorum
635 3122 747 3201 utrique
766 3141 825 3182 non
843 3119 894 3181 abs
912 3139 944 3182 re
962 3119 1096 3182 dicuntur
1113 3145 1173 3184 esse
1191 3125 1305 3190 tosti

158 3211 331 3270 acimaas.
345 3203 411 3282 quia
436 3207 465 3261 et
489 3198 702 3260 tabernaculum
726 3201 757 3260 in
780 3200 875 3262 medio
899 3207 1058 3262 castmrsrm
1086 3201 1212 3278 locatum
1241 3209 1304 3263 erat

196 3280 311 3342 uamdiu
330 3282 358 3342 in
379 3281 490 3345 deserto
508 3281 676 3360 peregrinati
692 3288 758 3341 sunt
767 3279 917 3354 israelitae,
936 3287 967 3340 et
986 3281 1070 3342 statio
1089 3300 1173 3342 areae
1192 3281 1303 3342 delecta

170 3303 227 3422 laia
245 3365 275 3422 in
295 3359 492 3434 monte·Sion,
512 3365 544 3418 ut
563 3359 689 3439 undique
708 3359 776 3422 illuc
794 3359 979 3420 confluerent.
999 3357 1106 3421 Ievihs
1124 3367 1221 3422 autem
1241 3377 1302 3432 ser·
1332 3397 1336 3405 ι

171 3439 257 3502 randi
275 3442 375 3522 templi
394 3447 489 3522 partes
508 3439 655 3500 mandatae
674 3447 764 3516 erant,
783 3447 816 3500 ut
834 3439 864 3500 in
884 3439 1004 3500 circuitu
1023 3448 1139 3521 agerent
1156 3437 1301 3502 excubias.

170 3520 343 3583 Particulem
369 3499 498 3598 &mola
522 3521 614 3578 mdor
634 3539 708 3600 pars
731 3521 918 3600 interpretum
946 3519 983 3580 ad
1006 3517 1104 3580 Deum
1132 3519 1234 3580 refert:
1261 3519 1302 3580 ita

133 3630 137 3636 ·
172 3607 247 3662 esset
265 3619 369 3662 nomen
388 3606 461 3660 tour.
497 3595 671 3678 Quanquam
689 3605 805 3660 timoris
823 3617 929 3660 nomen
949 3600 1059 3679 passive
1078 3619 1132 3679 pro
1151 3596 1215 3660 Deo
1235 3597 1301 3680 ipso

172 3679 315 3742 intumum
331 3679 461 3739 sumitur.
481 3676 513 3738 Si
522 3677 560 3738 ad
570 3677 696 3738 Gentiles
715 3685 744 3740 et
762 3679 898 3759 profanos
916 3677 1046 3738 homines
1065 3677 1180 3754 reseras,
1199 3697 1303 3740 sensus

172 3761 249 3833 erit,
265 3757 430 3826 tributarios
448 3757 511 3818 fore
530 3755 610 3819 Deo:
636 3760 703 3839 quia
729 3766 809 3820 metu
834 3759 977 3840 perterriti
1000 3779 1059 3818 non
1079 3757 1224 3820 audebunt
1242 3779 1304 3819 am-

193 3839 248 3900 lius
268 3839 406 3898 resistere.
425 3836 485 3898 Sed
504 3839 594 3920 magis
613 3835 759 3920 probabile
778 3843 831 3912 est,
850 3857 955 3912 nomeu
974 3836 1031 3900 boc
1050 3835 1193 3900 adDenm
1212 3845 1303 3900 trans·

172 3859 250 4062 llppri,
270 3937 361 4058 qpspp
379 3915 523 4013 Propheta
541 3919 604 4057 iqrp
623 3917 808 3980 metuendum
827 3936 890 3980 mse
910 3915 980 3977 dicit
997 3923 1064 3998 post
1082 3917 1155 3979 illud
1173 3923 1233 3980 tam
1251 3937 1321 4008 uos

194 4018 231 4060 re
249 4019 326 4060 viru
349 4017 362 4056 s
382 4017 524 4078 specimen
543 4018 559 4058 e
579 4018 658 4060 rum.

254 4081 302 4140 13.
327 4079 530 4140 Vindemtultt.
551 4075 627 4155 Quia
646 4067 766 4140 verbum
786 4080 864 4150 'itta
883 4072 1019 4138 Hebraeis
1033 4096 1239 4158 nonnunquam
1258 4095 1303 4136 ro·
1425 4117 1426 4124 κ

174 4155 277 4228 horare
296 4155 446 4236 siguificat,
465 4157 581 4237 quidam
599 4159 639 4216 ita
658 4157 826 4219 vertendum
844 4162 947 4238 putant
966 4156 1023 4217 hoc
1041 4156 1115 4218 loco.
1136 4155 1196 4218 Sed
1214 4175 1305 4238 quum

175 4233 329 4316 duplicatio
354 4238 389 4297 sil
414 4235 540 4295 eiusdem
564 4239 732 4310 secundae,
761 4257 819 4297 nou
845 4235 942 4296 dubito
967 4237 1063 4317 priore
1086 4236 1214 4298 membro
1233 4233 1305 4296 Pro·

174 4313 291 4394 phetam
309 4315 466 4395 intelligere
483 4315 657 4396 principibus
676 4315 781 4376 aulerci
799 4322 926 4376 mentem
944 4321 974 4375 et
992 4317 1185 4397 prudentiam:
1206 4314 1308 4376 deiude
1425 4369 1426 4388 ,

173 4395 327 4476 iu‘geuere
345 4397 469 4477 exprimi
486 4393 582 4458 Deum
603 4394 658 4456 illis
677 4414 740 4456 esse
759 4393 920 4472 terribilem,
945 4397 1012 4476 quia
1031 4415 1069 4458 ox
1086 4413 1141 4456 sua
1160 4393 1308 4456 altitudine
