2844 4882
157 259 227 316 '376
313 225 315 232 ‚
591 259 877 300 seirannus

177 381 255 464 quod
278 379 375 442 hostes
400 399 467 442 snos
487 399 545 440 non
565 379 778 460 provocaverit,
799 379 856 440 *sed
877 398 907 438 ss
927 377 1093 439 abstinuerit
1112 377 1148 438 ub
1169 377 1257 440 omni
1279 379 1331 436 tn-

106 460 110 468 ’
160 462 248 522 ,ἰιιτία
266 465 296 524 et
314 459 465 538 maleficio,
483 478 518 522 se
536 477 572 520 ne
593 457 700 521 mulum
720 457 834 539 quidem
854 458 930 518 melu
950 458 1103 539 rependere
1123 463 1251 518 nonstus
1273 455 1329 516 fn-

176 541 238 602 erit.
276 538 316 598 Se
336 539 411 600 enim
431 540 648 619 omnitempore
665 524 802 600 isidioium
822 537 922 598 lenisse
941 536 1048 616 dicens,
1066 536 1213 618 iutelligit,
1234 537 1328 616 quio·

177 617 246 702 quid
265 615 417 680 muebinuil
436 617 492 678 siut
510 615 641 698 improbi,
660 635 692 678 sn
710 622 872 678 onustanteu
892 614 1013 677 uoluisse
1032 617 1243 698 integritatem,
1262 634 1330 674 nee

176 715 304 778 nuquam
322 714 340 762 s
358 699 435 758 iusto
454 703 484 758 et
501 703 581 758 neoto
600 695 687 758 luisse
707 694 869 759 sbduotnm.
908 695 1015 756 Similis
1033 694 1094 757 iere
1114 696 1248 777 preostio
1268 701 1327 758 est

177 777 420 852 secundinarum,
440 777 480 836 sio
499 777 576 837 eninr
594 773 670 852 mulo
690 772 996 858 interprebrisorbuus
1016 771 1122 852 attii,
1141 791 1327 856 mmmm
1401 815 1402 824 κ

177 857 239 918 siiis
258 862 384 931 vertero,
412 853 534 918 Obleets
552 873 667 917 senum
686 861 769 916 tunm
789 853 879 931 bono,
898 854 955 929 vei,
974 853 1020 918 iso
1038 859 1071 914 ut
1091 852 1168 915 bono
1188 851 1327 918 delente-

177 944 226 998 tur
248 955 347 996 servus
371 943 447 996 tuus.
486 933 617 998 Secundo
638 935 731 997 versio
750 931 827 996 buno
846 932 932 994 hebet
949 952 1079 1008 mum,
1107 940 1141 994 ut
1159 930 1249 994 Deus
1267 931 1324 992 be·

178 1015 285 1076 neiioiis
304 1032 418 1076 servum
442 1031 525 1080 snum
550 1011 697 1078 exhilaret.
738 1011 832 1074 Tertio
851 1033 920 1074 vero
939 1019 972 1073 ut
990 1013 1087 1074 enims
1105 1013 1168 1074 eins
1186 1011 1324 1094 inspiret

177 1095 246 1156 recti
268 1112 395 1156 umomro
414 1113 449 1156 so
472 1092 650 1156 desiderium.
687 1090 764 1154 *Nam
790 1091 861 1154 bsee
884 1111 953 1153 vers
972 1100 1016 1152 est
1035 1089 1186 1173 potentio,
1218 1109 1324 1171 quum

179 1195 232 1236 nos
254 1175 361 1236 iustitis
380 1179 409 1236 et
427 1173 567 1236 rectitudo
587 1171 717 1236 oblectat
756 1170 803 1234 Es
822 1170 878 1234 iius
897 1189 997 1232 versus
1016 1169 1148 1252 oolligers
1166 1171 1239 1234 lieet
1256 1167 1324 1232 Dn-

177 1253 272 1316 videm
291 1252 339 1314 hio
357 1253 500 1335 suppetiis
520 1251 573 1312 sibi
593 1257 693 1314 eontra
711 1251 808 1314 hostes
827 1257 933 1333 petere
963 1250 1063 1332 linque
1082 1249 1183 1312 melius
1202 1268 1321 1310 eonve-

177 1335 220 1394 nit
238 1335 400 1415 spondesds'
418 1331 552 1406 verbnm,
571 1333 629 1392 susi
649 1332 777 1407 dixisset,
801 1329 927 1392 Domine
946 1349 1036 1411 quum
1054 1330 1085 1392 iu
1103 1349 1197 1392 meum
1211 1329 1321 1410 perni-

143 1462 145 1471 ,
177 1415 251 1474 siem
269 1411 419 1474 crudeliter
437 1411 564 1474 terantur
583 1409 714 1492 superbi,
732 1409 858 1472 medium
878 1417 906 1472 te
925 1410 1096 1492 interponas,
1114 1410 1173 1470 sesi
1194 1408 1319 1476 iidm‘ns-

178 1512 227 1552 sor
246 1511 327 1554 meos
345 1511 430 1554 esses.
460 1488 548 1570 Quod
567 1497 663 1552 nomm
682 1491 756 1552 inter
774 1488 895 1551 verbum
913 1496 944 1549 et
961 1507 1067 1550 nomen
1085 1459 1212 1554 titon'7
1252 1507 1321 1548 non
1401 1517 1402 1526 ¹

151 1601 152 1610 ¹
178 1571 378 1653 interponitur,
397 1569 500 1665 dorum
519 1569 606 1631 videri
626 1589 685 1634 non
704 1568 798 1646 debet,
817 1571 883 1651 quis
901 1586 992 1664 ssepe·
1005 1566 1179 1630 subauditur.
1219 1563 1319 1661 Piens
1401 1625 1402 1642 ,

178 1656 274 1711 sutem
294 1649 497 1711 consolationis
516 1649 647 1732 loquutio
666 1655 724 1724 est,
748 1646 1008 1744 Denmvosponsorrs
1026 1667 1130 1710 munus
1147 1645 1185 1708 ud
1203 1665 1262 1708 nus
1281 1645 1318 1706 lr-
1401 1665 1402 1686 ¹

74 1753 76 1758 ¹
177 1727 317 1791 hemodos
336 1729 486 1811 suscipere
526 1727 719 1810 bletsphorien
737 1729 814 1790 euim
838 1727 940 1790 dieitur
962 1724 1116 1790 tideiubern
1139 1725 1315 1808 pronubis,

180 1809 239 1868 sesi
257 1814 404 1870 numerals
424 1807 518 1880 debite
537 1809 657 1890 peouniu
676 1827 767 1869 nexos
785 1807 917 1870 solveret
956 1805 1023 1868 ltus
1040 1825 1110 1868 vero
1129 1805 1221 1868 tendit
1241 1825 1312 1888 prn-

181 1888 266 1963 cntio,
285 1907 323 1948 ne
340 1887 434 1969 impiis
454 1893 552 1949 sonim
571 1908 624 1948 nos
643 1907 697 1969 pro
715 1886 831 1948 libidine
849 1887 958 1948 ssevire
976 1887 1131 1968 pemuittst,
1148 1884 1312 1952 sediinter·
1401 1893 1402 1904 ¹

54 1993 77 2020 ν
163 1966 276 2044 Ινοιιῐειῑ
294 1965 400 2030 vindex
418 1967 454 2028 nd
473 1986 528 2030 nos
546 1966 710 2030 movendos.
748 1961 801 2028 His
819 1971 915 2030 summ
944 1966 1038 2028 verbis
1066 1964 1206 2048 signifieat
1233 1963 1310 2026 Pro-

180 2045 276 2128 photn‚
287 2065 327 2142 ‚so
347 2046 434 2142 fuisse
453 2048 630 2142 inextremo
650 2047 818 2124 discrimine,
837 2065 891 2110 neo
908 2044 994 2118 alium
1012 2063 1094 2127 spem
1112 2043 1167 2106 silui
1183 2043 1316 2106 relietum

179 2124 704 2289 quamlibliliulllnlllidefecniosst.
724 2205 822 2270 Primo
840 2211 961 2270 testnim
979 2203 1315 2270 seouuilietntnmiuisse

179 2304 247 2348 enm
266 2282 343 2346 duris
362 2286 619 2366 nolentemque
637 2285 666 2347 id
685 2287 790 2367 exigno
810 2293 922 2350 tsntom
940 2292 1081 2368 tempure,
1099 2285 1150 2346 sed
1168 2291 1203 2345 nt
1216 2283 1313 2346 taedio

179 2371 210 2426 et
224 2364 270 2426 lnu
310 2384 361 2428 ore
376 2364 497 2428 delicere
520 2368 655 2449 potuerit
695 2363 806 2428 Rursus
825 2373 921 2428 umen
940 2364 1025 2428 donet
1042 2384 1074 2428 se
1092 2365 1123 2426 iu
1140 2369 1200 2426 om
1218 2361 1313 2444 longis
1401 2385 1402 2398 ¹

179 2451 210 2506 et
233 2446 360 2506 moestis
386 2447 584 2508 oertnminibus
603 2465 662 2508 non
681 2444 769 2508 tuisse
787 2452 910 2508 trsutnns
928 2445 1033 2508 animo.
1074 2442 1153 2523 Quid
1165 2443 1214 2504 «sit
1237 2445 1311 2522 defi·

179 2547 243 2586 cere
261 2526 304 2586 od
320 2526 459 2601 minoem,
482 2545 569 2608 snpra
588 2525 785 2608 exposuimus:
811 2543 916 2606 nempe
934 2525 1047 2588 etinmsi
1064 2524 1160 2586 nullus
1178 2521 1243 2584 nnn
1262 2542 1311 2603 sp·

74 2624 77 2639 ¹
178 2609 276 2684 punem
294 2605 449 2680 mulorum,
472 2611 501 2666 et
515 2605 641 2686 nudique
658 2625 691 2665 ss
716 2603 876 2700 desperatio
902 2605 1026 2687 ingeret,
1051 2610 1150 2669 contro
1180 2603 1310 2666 mutuno·
1401 2623 1402 2626 ¹

179 2703 245 2768 nem
272 2703 306 2744 us
329 2703 365 2746 oo
383 2684 420 2746 nd
439 2686 529 2750 totius
547 2686 659 2747 enimse
678 2684 834 2766 deliqmnm
853 2684 931 2746 eniti.
971 2681 1005 2750 Si
1025 2684 1210 2766 praeteritum
1230 2679 1310 2744 uerbi

178 2769 293 2844 tempus
308 2704 378 2824 loeo
397 2765 553 2844 praesentis
572 2765 700 2846 senipers
718 2763 797 2840 libet,
817 2770 850 2824 ut
868 2763 980 2826 videtur
998 2764 1056 2825 hou
1074 2781 1159 2826 sensu
1174 2761 1309 2844 positum,

48 2893 55 2904 ,
167 2841 327 2922 ¹Proplueis
351 2843 450 2904 oeulos
474 2861 543 2905 snos
562 2843 681 2906 detinere
699 2843 816 2983 esterp:¹¹
831 2863 890 2904 nnn
910 2843 1142 2926 quisbusdam,
1171 2841 1222 2904 sed
1241 2827 1309 2922 quin

179 2921 340 2982 vehementi
367 2921 523 2984 attentione
552 2923 634 3002 qonsi
663 2921 767 2986 bebetu

180 3001 310 3060 desinunt
328 2999 440 3063 assidue
460 3000 606 3062 attondere
624 3001 660 3064 sd
679 2999 741 3072 Dei
756 3003 885 3064 sulutem.
904 3001 937 3064 ln
956 3021 1079 3078 summo,
1099 3000 1226 3064 delectus
1243 3019 1308 3082 per-

179 3080 366 3140 severentiam
386 3077 526 3161 significet
545 3100 612 3142 oum
632 3082 721 3144 arduo
740 3091 858 3144 conatus
878 3088 909 3143 et
926 3090 1125 3144 momentaneo
1144 3099 1244 3142 eorum
1263 3097 1309 3140 nr·

178 3158 241 3219 dori
259 3160 416 3240 opponitur
435 3159 484 3241 qui
503 3161 600 3222 statim
618 3161 816 3258 lsnptresounn
835 3163 889 3223 nisi
908 3159 1051 3224 Dominus
1069 3160 1242 3243 respondent
1258 3179 1307 3222 eo·

178 3258 243 3298 rum
262 3240 347 3300 votis.
373 3237 467 3301 Simul
485 3247 603 3318 notetur
622 3259 694 3302 serus
713 3241 891 3303 vehementis
912 3259 986 3323 quse
1004 3257 1104 3304 sensns
1124 3259 1229 3304 omues
1241 3260 1307 3322 prm

178 3316 333 3399 pemodum
353 3327 511 3384 consumat.
535 3319 597 3382 Sub
617 3340 690 3382 voon
707 3323 814 3383 solutis
832 3340 891 3383 nou
910 3338 1000 3382 noum
1021 3319 1119 3382 suxilii
1138 3337 1228 3402 genus
1245 3327 1308 3380 tnn-

178 3405 241 3458 turn
262 3397 472 3478 complectitur,
492 3399 543 3460 sed
562 3401 730 3462 continuum
749 3401 854 3483 guntiae
874 3399 931 3462 Dei
950 3399 1243 3473 domumdoinum
1261 3417 1307 3460 so·

180 3477 270 3537 lidum
291 3479 385 3541 solvus
404 3485 529 3561 praestet
548 3498 616 3542 snos
634 3480 741 3542 fideles.
770 3479 890 3542 Modum
909 3499 979 3542 vero
998 3481 1141 3562 exprimit,
1162 3478 1240 3560 pund
1258 3498 1305 3560 pe

134 3594 137 3603 ·
177 3558 306 3636 penderit
334 3577 353 3618 u
377 3557 465 3619 verbo
496 3556 567 3632 Dei,
597 3558 647 3620 ubi
672 3559 729 3621 duo
756 3559 881 3621 notanda
900 3568 982 3635 sunt,
1010 3579 1114 3640 nempe
1138 3577 1199 3620 non
1222 3559 1305 3619 aliter

178 3638 337 3719 exspectari
357 3637 477 3700 sulutem
497 3658 514 3699 s
533 3637 598 3700 Deo
618 3641 672 3702 nisi
692 3645 832 3720 quatenus
852 3640 912 3700 eius
932 3638 1165 3720 promissionibus
1183 3637 1258 3714 iunii,
1275 3639 1307 3697 in

178 3719 239 3786 eius
269 3716 388 3778 tutelam
416 3737 471 3778 nos
496 3717 678 3780 conterimus.
718 3717 830 3780 Deinde
852 3725 922 3779 tuno
942 3719 1056 3780 demum
1076 3717 1162 3780 tribui
1180 3716 1244 3778 Deo
1262 3736 1305 3778 ss·

177 3796 245 3858 lutis
274 3793 402 3871 leudem,
431 3796 480 3858 ubi
499 3797 574 3879 'spes
604 3805 702 3860 nostro
730 3801 761 3860 in
790 3797 878 3859 verbo
897 3800 958 3859 eins
977 3798 1072 3860 defixo
1091 3804 1207 3881 perstet
1245 3795 1306 3858 llus

176 3876 252 3936 enim
281 3876 328 3935 vin
357 3876 537 3957 quaerendus
561 3883 617 3940 ests
648 3885 679 3940 et
699 3878 829 3957 quemvis
849 3895 932 3940 snum
952 3879 1087 3940 virtutem
1107 3879 1247 3952 debellet,
1271 3878 1303 3938 in
1346 3879 1347 3888 ’

175 3955 259 4025 nudis
278 3956 339 4015 eius
358 3955 593 4036 promissionibus
611 3957 848 4038 acquiescendum
868 3964 922 4033 est,
942 3977 999 4038 qus
1019 3961 1130 4020 rotinus
1147 3980 1305 4018 sensnum

72 4091 77 4122 Ι
176 4033 302 4115 appellnt
325 4042 449 4110 iustum,
471 4043 506 4098 ut
524 4055 556 4098 se
575 4039 606 4097 in
624 4035 762 4099 eins-lide
781 4037 943 4098 confirmet:
966 4038 1034 4118 quis
1052 4035 1134 4100 Deus
1157 4036 1305 4100 liberaliter

176 4112 384 4195 promittendo,
402 4135 462 4176 nou
481 4134 555 4176 rann
575 4117 709 4197 opinione
728 4115 814 4178 lneiet
833 4137 910 4178 snos.
1291 4153 1294 4158 ,

788 2923 863 2984 ‘em
888 2921 1070 3000 oontrnbnnt,
1100 2941 1193 3002 neque
1212 2929 1308 2992 umen
1401 2983 1402 2986 ,

256 4193 324 4256 124.
343 4196 410 4256 Fon
427 4218 494 4256 mom
511 4218 595 4258 mun
613 4205 675 4256 tuo.
706 4195 887 4258 coniunctim
910 4196 1030 4278 legende
1053 4205 1120 4260 snut
1140 4197 1199 4259 dno
1217 4215 1304 4258 mem·
1401 4171 1402 4202 l

175 4271 242 4348 bns,
272 4273 339 4351 quin
363 4293 422 4334 non
441 4293 570 4334 seorsum
590 4275 716 4354 postulet
735 4275 831 4336 Deum
850 4277 904 4338 sibi
922 4295 985 4338 esse
1005 4276 1179 4350 benefioum,
1208 4269 1302 4336 deinde

175 4353 342 4433 magistrum
361 4357 391 4414 ot
410 4351 570 4416 duetorem:
591 4353 640 4416 sed
660 4357 756 4436 potius
774 4375 842 4420 eum
861 4355 1020 4420 obtestetur
1039 4375 1092 4438 per
1111 4355 1302 4421 bonitntemei
1401 4375 1402 4398 ¹
