2874 4888
467 321 512 362 tlt
521 377 524 384 ,
539 321 557 360 Ρ
571 323 587 360 S
603 321 622 362 Α
639 323 654 362 t.
671 321 701 363 tt.
722 322 879 364 tamtus.
1177 327 1229 384 113

93 439 238 522 plebeium
256 441 354 500 iocans
372 441 478 536 tenere,
496 429 584 532 huam
603 441 670 502 alihi
689 462 810 524 usquam
830 445 991 522 primatum.
1017 417 1111 508 Simul
1130 455 1228 512 tamcu

93 521 231 579 admonet
254 517 330 576 nude
352 517 451 576 shenrs
475 515 637 578 homsmbus
665 526 782 600 repente
807 527 901 580 tantus
926 525 1032 586 honor:
1061 548 1166 609 nempe
1190 549 1229 590 cx
1324 547 1326 554 ·

93 597 151 658 Dei
170 596 318 656 beneficio.
357 592 396 654 lu
409 599 491 654 'certe
515 597 566 675 qul
585 595 707 658 Satanae
727 607 755 658 et
774 601 882 680 peccati
902 603 1040 683 mancipia
1060 613 1135 680 susat,
1155 626 1228 663 uun-

94 689 188 760 quam
206 677 259 736 sibi
283 677 400 756 propria
424 673 559 736 industrie
584 677 628 736 ius
652 695 790 759 supernae
820 679 940 738 civitatis
964 681 1124 756 acquirente
1150 684 1229 742 solus

93 763 137 818 est
156 755 302 816 Dominus
346 755 376 814 ui
400 753 524 848 populos
548 759 581 813 ut
599 757 693 816 visum
713 765 765 830 cst,
789 759 818 817 iu
841 776 907 816 suas
927 755 1030 816 classes
1049 753 1228 832 distribuens,

93 855 185 927 quum
222 854 259 927 ar
270 833 311 970 fiiitt
326 775 482 969 {ontimana
491 833 636 968 dconditio,
656 837 726 896 alios
745 836 781 896 ah
798 835 862 930 ¹aliis
882 835 1043 928 discernit..
1061 833 1226 970 lsllescriptio

93 931 328 1080 {listins
346 929 490 1048 silita}
505 920 1044 1068 ,cl-ttlllttl‘ttiisltllll
1064 933 1227 1054 tlts'ss‘t

93 1071 191 1150 talogo
210 1075 281 1128 tuuc
299 1087 349 1128 eos
368 1067 484 1128 demum
502 1077 630 1132 recenset
655 1091 745 1155 quum
769 1075 910 1154 regenitus
929 1071 1088 1154 adoptionis
1108 1070 1228 1154 Spiritu,

93 1157 162 1210 nota
181 1166 236 1210 sus
255 1146 378 1230 insignit.

183 1303 216 1372 7.
238 1301 282 1372 Et
303 1313 445 1372 cantores
467 1304 549 1371 sicut
569 1303 720 1390 tibicines,
733 1321 855 1400 ‚omnes
877 1305 980 1374 fontes
1002 1305 1066 1374 mei
1087 1304 1120 1371 in
1141 1311 1192 1372 te·

173 1428 205 1493 7.
229 1433 273 1492 m
295 1438 438 1492 maiores.
483 1427 592 1492 Partim
621 1432 735 1494 concisa
762 1431 901 1508 brevitas,
930 1433 1033 1514 parlim
1062 1429 1231 1512 ambiguitas

68 1579 70 1582 ¹
95 1510 175 1572 vocis
196 1511 280 1568 unius
295 1511 450 1572 orationem
460 1510 552 1572 reddit
561 1511 717 1573 obscuram.
747 1513 858 1573 Fames
876 1510 1068 1592 metaphorice
1086 1509 1133 1570 bic
1146 1509 1233 1578 sumi,

95 1595 180 1650 extra
199 1589 421 1650 controversiam
441 1595 496 1650 est:
517 1589 617 1650 sedin
636 1589 803 1672 explicanda
823 1599 897 1652 meta
920 1589 989 1650 bora
1013 1590 1125 1650 variant
1143 1589 1231 1668 inter·
1291 1623 1300 1642 .

97 1675 202 1750 pratea.
242 1665 370 1744 Quidam
389 1687 453 1748 spes
472 1665 703 1750 interpretantur,
723 1670 839 1750 quidam
863 1691 879 1730 a
902 1678 990 1744 ectus,
1014 1670 1062 1729 slll
1083 1669 1230 1748 cogitatio·

96 1767 155 1808 nes.
195 1745 331 1807 Libenter
349 1766 449 1808 eorum
473 1749 629 1808 sententiae
644 1749 851 1820 ‚subscriberem
871 1753 921 1830 qui
940 1749 1146 1810 modulationes
1167 1765 1229 1806 ver·

97 1833 171 1902 tunt,
191 1828 216 1886 si
236 1833 381 1907 pateretur
399 1826 456 1888 hoc
474 1828 587 1907 liuguae
598 1831 764 1909 proprietas,
784 1832 850 1910 quia
870 1837 965 1889 autem
985 1829 1014 1886 id
1034 1829 1117 1888 nimis
1136 1845 1231 1886 mmo-

96 1913 158 1966 tuns
178 1905 269 1966 videri
288 1912 394 1986 posset,
413 1907 603 1986 quadratiuui
622 1911 746 1968 maxime
760 1915 982 1972 consentaneum
1001 1915 1044 1966 est
1063 1904 1229 1988 amplector,

97 1985 251 2067 adspectus
270 1987 376 2045 notari:
396 1985 455 2046 acsi
479 1985 586 2046 dictum
612 1993 695 2064 esset,
717 1987 780 2068 Ego
804 1991 834 2049 iu
858 1995 888 2048 te
912 1987 993 2067 quasi
1016 1985 1116 2046 defixis
1140 1985 1231 2046 oeulis

96 2066 355 2204 allidit·
370 2063 1232 2208 il,liletlrtttllffltthllltltllittllti
1283 2105 1284 2113 ‘

95 2225 235 2297 tibicines,
254 2165 375 2304 abrupib
394 2224 509 2305 quidem
527 2231 572 2285 est
591 2225 732 2306 loquutio,
751 2226 800 2286 sed
821 2227 855 2286 de
876 2229 956 2286 cuius
971 2187 1056 2286 sedan
1075 2226 1149 2284 iuter
1168 2243 1231 2282 om·

96 2323 147 2366 nes
167 2305 237 2365 satis
257 2303 404 2364 convenit:
423 2311 531 2364 tautam
550 2303 673 2366 laetitiae
691 2307 839 2368 materiam
855 2305 926 2374 iore,
946 2311 978 2363 ut
997 2311 1056 2364 tam
1076 2320 1231 2376 asssvooc,
1357 2373 1360 2383 ι
1420 2283 1421 2300 ’

97 2403 185 2466 quam
204 2384 319 2444 musicis
337 2385 529 2444 instrumentis
549 2386 683 2444 continue
701 2391 833 2446 msoueul
857 2385 919 2455 illic¹
934 2381 989 2443 Dei
1008 2383 1113 2444 laudes.
1153 2381 1230 2442 Cou-

97 2465 195 2526 lirmet
213 2482 283 2560 ergo
303 2463 381 2544 quod
400 2463 571 2544 prius,diurit
590 2465 626 2524 de
645 2465 794 2546 magnilica
809 2463 905 2525 Sionis
925 2465 1141 2524 instauratione:
1163 2463 1230 2542 quia
1331 2495 1335 2504 ι
1419 2497 1420 2504 1

96 2544 255 2685 trudit
269 2543 643 2684 sltttll'tlnttlll
663 2545 1230 2686 llll-'lta‘lltdlstllllllff

96 2702 311 2776 rumomnium,
331 2703 433 2782 quibus
453 2710 511 2762 tam
527 2703 677 2764 liberaliter
687 2703 841 2765 Ecclesiam
854 2722 934 2764 susm
945 2703 1127 2784 prosequitur
1136 2697 1230 2760 Deus:

96 2792 130 2842 ut
149 2784 259 2842 scilicet
277 2782 318 2859 by
369 2783 439 2842 ‘set
459 2785 574 2842 canticis
594 2802 675 2844 suam
701 2803 767 2864 erga
787 2803 852 2844 curn
873 2779 1072 2864 gratitudinem
1093 2787 1232 2840 testentur

96 2862 208 2936 fideles,
227 2861 275 2922 alii
293 2865 335 2927 Di
392 2865 435 2932 ln
457 2869 579 2936 vertunt,
599 2864 650 2942 qui
670 2863 774 2924 saltant
793 2864 830 2923 ad
849 2861 981 2923 modulos
1001 2861 1047 2920 vel
1067 2861 1231 2941 tripudiant.

97 2941 158 3002 Sed
181 2943 213 3002 in
236 2961 272 3001 eo
296 2961 396 3022 parum
422 2947 466 3001 est
489 2943 639 3002 momenti:
665 2963 755 3022 quum
776 2941 832 3002 hoc
849 2945 1013 3002 summatim
1033 2947 1131 3000 tenere
1149 2939 1232 3000 suili-

99 3025 166 3096 ciel,
190 3027 357 3102 perpetuam
381 3021 488 3082 scilicet
510 3021 711 3100 symphoniam
737 3021 854 3084 laudum
879 3021 934 3082 Dei
958 3023 988 3082 iu
1009 3019 1135 3086 Ecclesia
1159 3020 1231 3093 iore,
1285 3011 1292 3030 '

98 3101 147 3162 ubi
174 3103 284 3181 gratiae
307 3121 375 3162 suae
400 3102 548 3160 thesauros
573 3102 748 3182 explicuerit,
773 3109 945 3182 mutuasque
969 3101 1031 3160 iore
1049 3099 1170 3160 canendi
1190 3101 1231 3156 vi·

99 3200 156 3242 ces.
197 3180 280 3241 Adde
304 3181 383 3260 quod
402 3179 458 3240 Dei
483 3177 638 3240 Ecclesiam
662 3181 797 3262 singulari
823 3201 931 3254 amore,
956 3197 1033 3251 eura,
1058 3180 1152 3239 studio
1172 3197 1231 3236 ans·

99 3259 184 3342 plecti
205 3280 237 3320 ee
257 3260 430 3320 demonstrat
449 3259 602 3340 Propheta,
621 3268 808 3321 utsuoenem
832 3261 860 3322 lo
880 3261 917 3320 ad
926 3259 1046 3318 eundem
1057 3259 1119 3338 pios
1133 3277 1232 3317 omnes

100 3344 235 3402 allectam
254 3339 384 3402 hortetur
402 3345 431 3398 et
449 3340 594 3412 accendat,
613 3341 693 3400 iusta
713 3341 791 3414 illud,
810 3281 916 3400 i'salm.
938 3341 1004 3412 137,
1024 3340 1054 3401 5.
1085 3335 1232 3396 Oblivioui

100 3421 183 3480 detur
204 3419 320 3478 dextera
349 3439 423 3492 mea,
453 3421 476 3478 si
497 3439 554 3478 nou
575 3439 684 3480 memor
708 3421 789 3482 luero
809 3421 851 3480 tui
871 3417 1024 3478 Ierusalem
1043 3419 1072 3476 in
1091 3417 1232 3498 principio

98 3501 224 3562 laetitiae
243 3519 332 3558 meae.
361 3497 443 3558 Tunc
462 3500 538 3558 euim
559 3497 671 3558 demum
689 3501 721 3560 in
741 3497 867 3560 Ecclesia
888 3499 1044 3558 subsistunt
1063 3515 1162 3556 omues
1181 3515 1232 3555 no·
1311 3501 1313 3513 '

98 3583 149 3639 etri
169 3579 303 3650 silbctm,
324 3577 391 3638 dum
416 3581 531 3660 avagia
551 3581 688 3659 vanisque
712 3579 939 3640 distractionibus
963 3577 1085 3648 collecti,
1104 3582 1134 3636 ct
1154 3582 1232 3655 post·

98 3659 203 3720 habitis
223 3657 322 3718 muudi
341 3657 506 3730 honoribus,
526 3657 642 3735 deliciis,
661 3658 775 3742 opibus,
793 3659 916 3742 pompis,
936 3655 1143 3738 unaapirituali
1152 3653 1231 3735 regui

99 3739 208 3802 Christi
228 3738 317 3819 gloria
336 3739 463 3800 contenti
481 3743 556 3798 sunt.

375 3971 706 4042 assumtis
750 3971 957 4042 LXXXVIII.

99 4103 162 4143 suo.
178 4101 306 4156 cunque·
319 4098 425 4144 eccm
437 4101 474 4142 sn
484 4100 631 4154 grauem·
644 4099 806 4142 namnam
824 4085 915 4143 sudare
927 4097 1046 4140 aaran„
1058 4093 1141 4150 affirm
1152 4097 1175 4134 ιι
1181 4089 1235 4148 sm

156 4189 163 4194 ·
185 4169 297 4224 respuat
314 4171 420 4212 mutim-⁶
436 4169 504 4212 ainsi
518 4177 588 4212 rm
604 4169 768 4222 Maeander·
783 4183 838 4212 suas
854 4170 1007 4221 memorien,
1024 4171 1101 4212 contra
1117 4159 1263 4205 nommu‘l

177 4240 289 4294 harada,
309 4239 408 4282 declaras
419 4241 541 4296 Propheta,
560 4241 618 4297 queri
634 4240 790 4296 capessendis
808 4241 886 4282 nonis
902 4237 995 4280 tenebris
1012 4239 1083 4278 nm
1098 4232 1235 4276 sibileninss

175 4311 330 4366 rede-prm
343 4310 454 4365 inploret.
602 4326 605 4337 ·
821 4327 829 4346 s
902 4317 907 4328 ·

142 4389 171 4454 1.
195 4387 363 4454 Canticum
386 4387 502 4456 Psalmi
524 4387 663 4456 idiosum
684 4385 797 4474 Corae,
826 4385 984 4540 praeiegcto
1012 4405 1107 4474 super
1132 4379 1237 4448 hiaba-

120 4497 226 4536 rossanus
241 4497 262 4536 iu
277 4497 360 4536 Pontes.
375 4497 436 4536 ron.
452 4498 481 4538 11.
