2874 4888
170 236 222 292 113
282 211 287 218 ’
589 235 878 276 ceraunus

169 365 304 422 terrores
326 365 404 422 tuos
432 353 618 420 dubitando:
670 353 722 444 17.
735 351 854 443 ,Super
879 373 932 420 me
947 351 1149 422 transierunt
1164 337 1301 422 'furores

168 461 226 546 tui,
252 459 434 554 formidines
455 469 528 528 tuae
549 457 735 526 exciderunt
752 479 818 526 me:
862 457 915 524 18.
938 455 1220 528 Circumdederunt
1247 483 1303 528 me

100 579 109 641 ζ
170 567 251 636 sicut
277 585 379 656 equae
405 563 560 655 qnotidie,
587 565 754 635 cirnrernnt
779 586 833 632 me
854 562 960 632 simul
1004 563 1059 635 19.
1080 563 1257 634 Removisti
1283 589 1305 634 a

93 684 97 691 '
170 664 222 742 ibe
244 673 381 742 amicum
402 681 435 740 et
455 670 593 754 socium,
618 668 785 766 familiares
806 669 870 738 mei
891 668 1048 739 tenebrae.

250 817 297 880 15.
323 817 363 876 Ut
386 817 459 898 qor'd
481 817 601 875 Ietrouo.
641 811 781 892 Quamvis
807 812 1022 874 lamentationes
1047 813 1120 874 istae
1144 814 1236 896 primo
1260 815 1306 886 in·

171 897 247 956 initu
269 915 428 955 moerorem
448 894 555 976 absque
575 893 634 954 nllo
654 893 845 972 solatioqrae
864 913 895 952 ee
914 893 1027 968 lerantp
1041 894 1188 956 continent
1207 901 1306 956 umen

171 979 200 1035 in
224 996 255 1034 se
278 976 378 1034 tacitas
402 993 509 1054 preces.
540 971 640 1053 Neque
664 975 740 1032 enim
759 971 881 1054 snpe'rbe
900 991 967 1033 cnm
977 971 1041 1037 Deo
1060 974 1164 1054 litigat,
1184 973 1234 1034 sed
1253 976 1304 1036 ilc·

172 1055 264 1114 biliter
287 1054 368 1114 malis
392 1053 450 1114 suis
470 1053 592 1132 exoptat
617 1052 785 1126 remedium,
810 1060 896 1132 atque
922 1051 978 1112 hoe
1001 1071 1090 1133 genus
1111 1054 1306 1133 querimoniae

174 1135 275 1193 merito
304 1135 378 1192 inter
402 1131 522 1212 gemitus
545 1127 742 1194 inenarrabiles
767 1133 875 1192 censeri
901 1129 997 1208 debet,
1027 1152 1151 1212 qnorum
1176 1135 1307 1194 meminit

172 1213 278 1272 Paulus
298 1211 334 1270 ad
352 1207 498 1272 Romanos
518 1213 610 1292 capite
631 1214 659 1283 8,
680 1230 765 1270 versu
784 1212 833 1290 ‘tt'p
873 1207 934 1270 Nec
953 1229 1021 1270 vero
1042 1211 1065 1269 si
1085 1217 1214 1291 putasset
1232 1212 1305 1272 Pro·

174 1293 258 1371 pbeta
283 1310 314 1350 se
338 1293 434 1372 respui
459 1293 489 1350 et
508 1290 710 1353 abominationi
729 1295 805 1364 es'se,
829 1289 938 1350 orando
958 1291 1179 1370 perseuerasset,
1204 1311 1306 1368 verum

173 1371 267 1430 caruis
284 1389 408 1446 sensum,
427 1373 472 1430 cui
492 1371 602 1431 fortiter
620 1367 826 1444 reluctabatur,
851 1369 898 1428 hic
916 1369 946 1428 in
966 1369 1090 1430 medinm
1104 1373 1254 1462 proponit,
1274 1377 1309 1432 ut

158 1469 205 1510 're
225 1451 286 1530 ipsa
305 1449 428 1524 tandem,
447 1455 478 1510 et
497 1447 644 1512 manifesto
658 1449 913 1528 effectnappareet,
933 1469 990 1508 non
1001 1445 1104 1508 frustra
1124 1469 1306 1520 eumorassc.

52 1565 56 1573 «
174 1527 251 1610 Ergo
271 1531 401 1607 quamvis
421 1529 468 1590 hic
488 1527 617 1590 Psalmns
638 1549 696 1589 non
716 1528 864 1590 claudatur
883 1529 1037 1608 gratiarum
1056 1531 1182 1602 actione,
1207 1529 1309 1592 sedin

106 1669 110 1673 .
166 1607 384 1671 'lamentabilem
409 1609 614 1689 querimoniam
638 1607 763 1680 desinat,
787 1607 846 1666 acsi
870 1607 966 1668 nullm
991 1613 1110 1668 restaret
1133 1609 1240 1690 gratiae
1265 1609 1309 1670 lo-

175 1707 242 1762 eus,
262 1706 297 1748 eo
317 1689 415 1748 utilior
434 1695 477 1748 est
496 1687 533 1748 ad
553 1707 606 1748 nos
625 1689 655 1749 in
674 1686 808 1768 precandi
828 1685 924 1747 officio
943 1686 1117 1748 retinendos:
1144 1690 1211 1768 qnia
1230 1696 1309 1754 certe

99 1809 102 1824 .
177 1787 235 1827 non
263 1767 368 1826 destitit
386 1763 543 1848 Propheta,
562 1769 682 1848 gemitus
702 1765 754 1826 bos
773 1767 805 1826 in
824 1763 880 1826 Dei
899 1766 993 1827 sinum
1013 1766 1171 1847 deponens,
1195 1787 1311 1848 sperare

177 1865 264 1927 quern
286 1865 346 1911 non
372 1846 484 1907 videbat
507 1847 639 1908 salntem:
665 1847 732 1926 quia
756 1851 815 1906 non'
840 1847 955 1906 vocavit
981 1847 1064 1906 initio
1088 1844 1184 1907 Deum
1208 1847 1310 1908 salutis

176 1936 260 2000 snae,
284 1932 316 1985 ut
340 1926 393 1986 sibi
413 1931 518 2006 postea.
531 1925 601 1986 nibil
621 1926 656 1986 de
674 1945 710 1986 eo
731 1927 916 2006 promitteret.
942 1924 1003 1985 Cur
1023 1945 1093 1986 vero
1113 1945 1143 1985 se
1163 1929 1311 1989 moribun-

176 2007 246 2068 dam
264 2028 286 2064 o
300 2027 395 2085 puero
415 2004 500 2066 inbre
519 2005 596 2066 dicat
613 2006 753 2066 incertum
771 2012 830 2079 est,
860 2006 913 2065 nisi
929 2003 1014 2086 quod,
1036 2003 1218 2088 probabiliter
1238 2025 1310 2066 eon-

149 2087 259 2166 'iicqre
282 2083 350 2144 licet
373 2085 460 2145 inisse
483 2085 580 2146 multis
603 2083 695 2146 modis
721 2084 828 2144 duriter
853 2089 1061 2156 examinatum,
1089 2087 1147 2146 acsi
1167 2087 1228 2146 eins
1247 2089 1310 2146 vita

175 2165 250 2242 inter
268 2165 360 2223 varino
379 2163 579 2245 trepidationes
598 2183 632 2236 ac
652 2171 742 2224 metus
762 2183 780 2224 s
798 2163 848 2225 filo
869 2165 1011 2245 penderet.
1042 2161 1228 2243 Undectiam
1249 2165 1310 2226 col·

176 2241 298 2323 ligimus,
318 2241 493 2304 luroresDei
512 2251 540 2306 et
559 2243 731 2316 formidines,
751 2242 910 2324 dequibus
930 2246 1065 2304 continno
1084 2251 1151 2325 post
1169 2245 1310 2326 loquitur,

177 2322 876 2484 itt‘titiffitltwttinltt
894 2323 1099 2483 {tilieti
1116 2344 1312 2466 ititfflrtt

176 2501 242 2544 oum
260 2484 425 2562 concipere,
444 2467 505 2548 nou
521 2482 623 2552 absre
642 2483 751 2559 dilavio
772 2445 942 2544 anxietlatem
963 2479 1044 2568 suam
1064 2491 1224 2564 comparat,
1244 2484 1312 2546 hine

88 2613 94 2622 .
178 2563 262 2622 etiam
288 2563 447 2628 darbitotior
476 2559 711 2644 quietiorinon
732 2561 824 2642 potnit
848 2563 916 2642 quio
940 2563 1003 2624 eius
1025 2565 1153 2624 animum
1173 2558 1233 2624 dira
1262 2565 1308 2625 in·

179 2641 340 2720 quietudine
363 2643 481 2702 iactaret
497 2643 555 2706 irae
575 2639 631 2724 Dei
651 2661 759 2714 sensus.
790 2637 944 2720 Quaeritur
963 2649 1061 2704 tamen
1078 2645 1224 2723 quomodo
1242 2643 1312 2706 fidei

179 2723 336 2798 consmtiat
360 2721 515 2792 vacillatio,
540 2728 570 2782 et
594 2727 670 2786 certe
682 2779 683 2784 ,
697 2719 745 2783 nbi
770 2723 834 2800 quis
855 2721 1006 2802 perplexus
1026 2721 1125 2782 haeret
1143 2742 1177 2784 ac
1196 2722 1309 2798 dubius,

177 2801 236 2860 imo
256 2797 313 2858 lrue
332 2805 361 2859 ct
378 2798 446 2860 illuc
469 2801 600 2880 agitatur,
619 2796 731 2866 videtur
751 2799 884 2880 absorpta
903 2821 964 2862 esse
983 2799 1062 2862 fides.
1082 2801 1141 2864 Sed
1160 2807 1308 2883 experior·

178 2880 218 2938 tin
237 2896 289 2938 nos
309 2877 403 2958 docet,
421 2877 515 2951 fidem,
535 2879 603 2940 dnm
621 2876 776 2944 fluctuatur
795 2880 824 2938 in
845 2880 888 2940 bis
908 2882 1115 2964 agitationibus,
1134 2883 1252 2944 subinde
1267 2890 1310 2944 ta·

179 2977 246 3018 men
258 2976 404 3036 resurgere
424 2978 459 3016 ne
479 2957 732 3038 mergatur,.quod
749 2959 899 3037 siquando
920 2961 1084 3036 suffocatur,
1103 2961 1195 3024 foveri
1214 2969 1328 3026 temen·

181 3036 387 3108 absconditam,
412 3039 685 3121 quiaquantpmris
709 3040 857 3118 insurgant
882 3041 1036 3124 procellae,
1061 3043 1195 3124 clypeum
1214 3049 1312 3104 temen

179 3115 265 3254 illqnpi
281 3118 413 3256 oppqnit,
440 3113 535 3194 Deum
558 3138 673 3200 manere
692 3111 818 3196 lidelem,
843 3127 961 3206 nt-snos
981 3141 1127 3207 nunquam
1147 3121 1310 3202 lrmtretur,

180 3214 217 3253 ve
267 3215 345 3256 asera

347 3473 350 3480 .
470 3421 496 3488 P
518 3421 543 3492 S
564 3421 594 3492 A
615 3421 644 3490 L
666 3421 700 3492 M
722 3423 753 3492 U
774 3422 799 3492 S
844 3421 1026 3496 LXXXlX.
1057 3475 1063 3502 r

183 3567 246 3606 Ana,
260 3565 374 3620 Propera
391 3566 577 3624 quicquic-sem
589 3567 678 3609 Proieci
689 3573 781 3624 emor,
800 3571 848 3612 ne·
861 3569 1026 3625 tendentem
1035 3585 1079 3626 pro
1093 3568 1186 3629 'obticis
1202 3573 1314 3632 Batora,
1334 3615 1336 3620 .

251 3631 458 3691 fictumque
471 3649 524 3682 sun
538 3637 753 3694 vestiemur,
773 3639 817 3682 etot
833 3647 856 3682 et
869 3641 963 3698 nup-t·
975 3641 1006 3684 at
1022 3642 1072 3685 bene
1087 3645 1189 3698 spernar
1201 3647 1315 3688 merto·

256 3705 369 3760 proponit.
402 3707 654 3758 cruminam
663 3709 692 3754 iu·
701 3720 786 3765 ςεηιη,
799 3711 847 3764 Rei
856 3713 985 3767 nuntiet,
1006 3725 1061 3769 pree
1078 3715 1212 3769 perspicitur
1229 3717 1252 3758 i·
1264 3721 1315 3760 teu

261 3776 333 3817 undu·
348 3775 514 3828 muniones
534 3779 621 3822 uatem
631 3781 661 3822 erl
677 3780 830 3842 rqdeqptiom'a
843 3782 965 3824 nuorin-
977 3784 1097 3840 meniu,
1110 3786 1133 3826 in
1145 3799 1188 3842 pria
1200 3789 1262 3828 Dm
1270 3799 1315 3842 pe·

262 3846 319 3888 terni
335 3847 372 3887 ut
388 3859 443 3900 ergo
459 3847 548 3890 electen
561 3851 667 3918 popqlups
679 3853 761 3896 enoria
776 3854 999 3920 '‘lmfflfl'ffl
1011 3855 1145 3898 aaronem.
1171 3857 1224 3899 mo
1236 3858 1316 3900 uer·-

262 3916 292 3958 οδ
301 3916 384 3972 foedae
398 3931 443 3958 cura
450 3919 534 3961 Doride
543 3923 807 3976 praesumerentur,
820 3923 896 3980 inquo
906 3923 1023 3982 pqllirjitu
1028 3925 1110 3982 suerat
1122 3930 1184 3970 Bm
1196 3942 1221 3970 oc
1233 3929 1256 3970 t·
1270 3930 1315 3970 Re·

261 3987 299 4040 gir
308 3987 410 4042 sorore·
420 3988 501 4044 populo
515 3987 596 4044 rempe'r
602 3977 798 4046 sor‘i'pr'opitiabl
821 3989 1015 4036 ruitmt’uttttu
1027 3991 1186 4052 qaoriwniaa,
1199 3997 1258 4054 qaod
1269 4001 1314 4040 Do·

217 4099 222 4108 ,
262 4071 289 4098 ιι
302 4057 366 4112 quest
375 4060 439 4110 poeti
450 4060 488 4100 ssi
500 4061 590 4114 oblitus,
603 4060 729 4102 recreatu
741 4070 837 4118 repom
848 4065 965 4120 turpiore·
977 4065 1070 4121 libidini,
1083 4081 1121 4110 nee
1133 4069 1156 4110 is
1168 4069 1233 4112 emer·
1245 4064 1315 4112 vortit

263 4131 310 4168 tote
326 4127 437 4182 quicquan
450 4129 499 4182 opis
512 4129 545 4172 eet
558 4129 636 4171 rolatii
650 4131 757 4176 ostendat.
1226 4127 1230 4136 l

184 4263 188 4271 .
231 4213 260 4278 1.
282 4205 761 4286 EruditirumEthenEzreitae}
778 4219 809 4288 2.
822 4218 1012 4298 Clementiae
1033 4221 1317 4294 lehovaeinaeter·

79 4329 88 4358 ¹
184 4339 264 4383 num
292 4318 440 4405 cantabo,
468 4320 501 4386 in
528 4319 718 4391 seuumsser
739 4331 873 4441 aetatem
894 4329 1060 4426 cebbrnbo
1083 4332 1249 4400 veritatem
1271 4343 1343 4402 tu··
