2862 4888
171 307 208 362 63
595 301 885 344 ncnuvrnus

172 427 250 510 quod
271 426 328 488 Dei
347 425 566 487 misericordium
588 431 736 506 provocet,
755 426 877 504 ideoque
897 443 978 498 snam
993 423 1019 484 ei
1030 425 1149 505 gloriam
1169 423 1311 490 dunusci

173 509 316 571 obiiciunt.
358 507 439 571 Unde
460 506 619 582 colligimus
639 525 695 564 non
707 505 947 564 satisfactionibus
969 507 1013 564 vet
1033 505 1230 586 ullisopemm
1250 527 1312 568 me·

171 589 242 662 ritis,
268 587 317 648 sed
337 589 459 668 gratuita
479 587 560 644 verrin
582 582 646 644 Deo
672 585 848 646 reconciliari
869 585 1031 664 quicunque
1052 592 1214 664 peccarunt.
1256 585 1311 648 Te·

154 661 296 727 'nendum
317 674 361 726 est
373 665 552 744 etiamquod
572 665 658 744 poulo
677 671 744 724 ante
762 664 852 743 attigi,
872 671 903 722 et
918 663 1008 730 insius
1018 665 1144 744 explicui
1155 664 1272 726 Psalmo
1282 670 1312 730 6.

174 745 221 806 ubi
246 766 299 806 nos
318 743 400 806 Deus
425 747 552 822 castiget,
576 764 634 804 non
661 743 747 804 modo
774 742 809 801 ab
835 745 964 809 externis,
980 746 1077 822 poenis
1097 743 1229 804 levamen
1248 765 1313 806 esse

173 825 340 908 optandum,
360 825 409 884 scd
430 823 576 903 inprimis
596 823 631 882 dc
651 823 790 904 placando
798 819 869 882 Deo
889 823 1156 902 cogitandumessc:
1175 843 1229 884 nec
1248 827 1312 886 imi-

173 907 275 966 tandos
293 923 356 964 csse
376 902 479 963 stultos
498 908 630 982 aegrotos
649 903 700 982 qui
719 909 912 982 symptomata
931 910 1041 962 tuntum
1062 903 1167 962 auferri
1186 905 1240 964 sibi
1260 924 1310 964 en·

173 987 264 1066 piunt,
285 1004 338 1064 pro
359 981 577 1042 nibiloducunt
597 983 706 1042 iontem
726 989 890 1042 etecusam
909 981 1011 1042 morbi.
1053 979 1098 1040 De
1124 981 1212 1042 verbo
1233 989 1310 1052 ‘th

174 1064 251 1144 quod
272 1062 392 1122 reddunt
411 1064 588 1139 interpretes,
610 1060 756 1142 Propitius
776 1069 847 1134 esto,
872 1059 939 1134 alibi
958 1060 1067 1120 dictum
1086 1060 1147 1120 luit.
1189 1059 1312 1142 Proprie

121 1192 122 1198 ,
173 1141 313 1222 significat
332 1142 457 1222 expiare,
477 1147 507 1199 cl
529 1140 671 1200 sacrificiis
691 1147 817 1220 aptaturs
837 1138 959 1220 ideoque
978 1143 1091 1219 quotics
1111 1141 1206 1200 licum
1227 1139 1310 1200 nobis

173 1221 357 1283 reconciliare
376 1222 516 1300 cupimus,
535 1221 565 1278 in
582 1227 706 1280 mentem
722 1222 816 1280 veniat
835 1219 917 1280 nobis
936 1240 1014 1280 mors
1025 1219 1144 1280 Christi:
1165 1223 1231 1301 quin
1252 1241 1311 1280 uon

175 1301 210 1362 tit
228 1302 356 1363 remissio
377 1299 484 1381 absque
497 1301 647 1402 sanguiue.
668 1299 756 1362 Hebr.
776 1302 805 1376 9,
825 1303 872 1363 22.

266 1503 316 1569 10.
340 1502 444 1587 Quare
472 1499 610 1570 dicerent
632 1501 767 1582 Gentes,
794 1499 858 1567 Ubi
884 1509 933 1568 cst
960 1499 1050 1569 Deus
1077 1500 1209 1569 eorum?
1235 1509 1311 1568 nota

78 1675 83 1693 ,
174 1605 229 1676 liat
257 1609 289 1674 in
312 1607 465 1676 Gentibus
492 1632 599 1676 coram
629 1606 729 1675 oculis
757 1607 874 1677 nostris
902 1607 1036 1676 vindicta
1065 1605 1225 1698 sanguinis
1251 1629 1312 1672 scr·

175 1737 290 1782 vorum
317 1725 446 1781 tuorum
475 1714 530 1803 qni
557 1715 677 1782 effusus
704 1723 761 1781 est.
804 1715 861 1808 pt.
886 1712 999 1803 Veniat
1028 1735 1136 1780 coram
1159 1713 1311 1780 facietne

58 1884 62 1894 ,
174 1821 311 1914 gemitus
338 1819 448 1887 vincti:
476 1821 650 1887 secundum
678 1820 927 1910 magnitudinem
954 1817 1069 1887 brachii
1097 1819 1144 1887 tui
1165 1817 1311 1886 residuos

175 1927 223 1995 fac
245 1927 326 1994 lilios
348 1925 472 1993 mortis:
508 1927 560 1992 12.
581 1925 625 1994 Et
645 1925 783 2016 repende
804 1925 915 1993 ricinis
937 1925 1053 1994 nostris
1075 1923 1256 2016 septuplum
1278 1923 1312 1990 in

175 2032 280 2100 sinum
307 2053 435 2121 eorum,
464 2032 670 2122 opprobrium
698 2055 810 2098 eorum
842 2033 934 2121 quod
962 2031 1230 2122 exprobraverunt
1255 2029 1313 2094 b'bi

174 2136 324 2206 lehovah.
371 2137 423 2205 13.
446 2135 489 2204 Et
515 2161 576 2204 nos
603 2135 741 2228 populus
768 2147 852 2220 tuus,
874 2148 907 2203 et
934 2160 1010 2204 oves
1032 2157 1223 2228 pascuortun
1243 2145 1312 2202 tuo

175 2253 252 2314 rum'
269 2223 566 2311 confitebimur‘tibi
587 2243 621 2310 in
644 2243 797 2326 seculum,
818 2243 851 2309 in
880 2243 1114 2342 generationem
1135 2253 1168 2310 et
1189 2263 1314 2334 genera·

174 2351 294 2419 bostem
317 2359 478 2416 narrantes
501 2350 627 2417 laudern
649 2361 746 2416 tuam.
1331 2333 1336 2341 ¹

256 2497 303 2558 10.
326 2501 428 2570 Quare
447 2497 583 2558 dicerent
614 2495 681 2556 Alio
700 2513 785 2556 sensu
804 2513 882 2556 nunc
901 2491 1038 2554 obiiciunt
1056 2491 1122 2554 Deo
1141 2491 1241 2554 fideles
1259 2513 1312 2554 no·

176 2595 242 2638 men
262 2595 355 2636 snum.
396 2573 485 2636 Nobis
510 2579 584 2636 enim
606 2582 723 2656 propter
740 2593 851 2648 ,nomeu
876 2593 961 2634 sunm
980 2575 1114 2654 ignoscit:
1135 2576 1201 2652 quia
1221 2593 1314 2654 quum

177 2657 214 2716 sit
234 2655 403 2729 misericors,
423 2661 452 2713 et
472 2655 541 2715 velit
561 2675 594 2714 us
613 2656 695 2722 nobis
715 2653 870 2726 obstruere,
895 2661 928 2712 ut
947 2654 1025 2712 sulus
1044 2655 1134 2712 iustus
1154 2661 1314 2726 censeatur,

103 2785 105 2792 ,
198 2737 263 2796 ratis
290 2741 405 2814 peccata
430 2735 512 2794 nobis
536 2736 666 2814 ignoscit.
706 2732 789 2793 Nunc
813 2739 909 2794 cutem
935 2731 1122 2812 deprecantur
1147 2731 1253 2806 fideles,
1273 2749 1312 2792 ns

208 2833 260 2872 eus
278 2832 391 2872 sacrum
411 2833 494 2873 suum
515 2833 619 2872 nornen
645 2813 825 2893 blasphemiis
846 2831 879 2872 ac
899 2813 1054 2872 maledictis
1073 2813 1225 2892 impiorum
1245 2811 1312 2870 sub·

178 2894 262 2954 iiciat.
303 2891 386 2952 Unde
405 2895 490 2952 etiam
510 2913 668 2964 monemur,
689 2911 837 2972 perperam
858 2911 911 2950 nos
930 2893 1048 2971 precari,
1067 2894 1121 2952 nisi
1140 2891 1239 2952 salutis
1259 2909 1313 2948 no-

179 2979 254 3034 strae
272 2991 371 3032 curam
391 2991 456 3032 cum
477 2973 540 3032 nelo
560 2973 667 3052 gloriae
676 2971 731 3032 Dei
751 2971 897 3032 individuo
916 2991 994 3030 nexu
1003 2973 1162 3051 iungemus.
1201 2967 1248 3028 Ex
1268 2989 1312 3029 se·

179 3051 274 3114 cundo
295 3051 423 3112 membro
443 3053 541 3112 eedem
561 3071 634 3132 quac
654 3070 747 3132 nuper
756 3051 850 3110 soluta
869 3057 922 3126 est,
942 3052 1072 3131 quaestio
1091 3051 1226 3110 exoritur.
1250 3047 1315 3110 Etsi

179 3134 255 3192 enim
275 3129 355 3191 Deus
385 3131 526 3192 vindicem
556 3138 685 3190 nostrum
715 3151 746 3190 se
765 3131 827 3192 iore
852 3132 1026 3211 pronuntiet,
1054 3150 1112 3190 non
1132 3129 1196 3190 ideo
1216 3135 1315 3190 amen

179 3212 254 3284 licet,
274 3229 363 3290 quum
382 3211 449 3270 laesi
470 3231 577 3285 snmus,
597 3211 734 3270 ultionem
752 3217 896 3292 appetem.
936 3208 994 3270 Sed
1013 3211 1233 3284 meminerimus,
1251 3229 1315 3270 non

180 3289 353 3370 quibuslibet
372 3289 504 3350 dictatam
525 3310 586 3350 esse
606 3290 679 3350 hanc
688 3290 822 3371 precandi
832 3291 961 3361 formam,
982 3296 1014 3349 ut
1032 3287 1150 3370 privabo
1169 3291 1228 3348 suis
1246 3307 1316 3369 pes-

180 3368 306 3432 siouibus
325 3368 500 3448 indulgeant:
520 3371 570 3428 sed
591 3377 624 3428 ut
643 3371 715 3429 duce
735 3379 764 3430 et
779 3373 914 3450 magistro
929 3367 1039 3450 Spiritu
1058 3369 1194 3428 adversos
1213 3387 1315 3448 repro·

180 3449 232 3510 bos
252 3467 433 3507 communem
458 3455 544 3528 agant
562 3467 677 3508 causam
702 3447 854 3508 Ecclesiae.
894 3447 970 3528 Ergo
991 3455 1021 3508 ut
1042 3449 1094 3508 rile
1114 3465 1261 3528 precemur
1280 3449 1314 3510 in

180 3529 259 3590 huuc
278 3527 406 3599 modum,
424 3529 549 3608 primum
567 3531 597 3588 in
617 3531 699 3588 nobis
719 3528 856 3608 refulgeat
869 3527 991 3608 Spiritus
1012 3527 1170 3608 prudentie.
1200 3525 1316 3588 Deinde

181 3608 357 3687 compositus
376 3608 415 3666 sit
433 3625 468 3667 uc
486 3628 575 3689 purus
595 3607 682 3682 aelus,
703 3627 789 3688 quem
803 3607 934 3668 lutulenti
955 3609 1047 3666 carnis
1067 3607 1184 3666 allectus
1203 3613 1315 3686 pertur-

180 3687 259 3748 bent.
296 3683 379 3746 Tunc
398 3687 505 3766 liquido
526 3688 588 3748 uelo
609 3694 638 3747 ct
657 3687 754 3747 sedato
780 3694 874 3767 petere
898 3683 993 3746 licebit
1013 3693 1044 3748 ut.
1063 3685 1143 3746 Deus
1162 3686 1245 3746 claris
1264 3705 1316 3746 ex·

180 3766 282 3846 emplis
307 3765 439 3825 ostendet
467 3774 533 3826 ante
557 3766 657 3827 oculos
686 3773 799 3826 nostros
822 3763 874 3825 sibi
899 3766 1053 3846 pretiosam
1077 3785 1138 3826 esse
1164 3785 1317 3826 servorum

180 3864 300 3906 suorum
319 3847 418 3917 vitum,
438 3865 562 3925 quornm
583 3846 747 3926 sauguinem
758 3845 910 3906 ulciscitur.
940 3843 1041 3926 Neque
1051 3847 1126 3906 enim
1146 3845 1194 3905 bic
1213 3845 1318 3908 volunt

49 3967 54 3976 ·
132 3927 136 3935 “
182 3924 281 3986 lideles
300 3942 337 3983 ex
359 3925 411 3984 leri
429 3927 574 4005 sanguine,
595 3926 652 3984 acsi
672 3944 739 3986 eum
758 3923 860 4006 cupide
879 3932 1055 4005 appeterent,
1075 3926 1245 3986 sedtantum
1264 3945 1317 3986 cx·
1342 3973 1347 3978 .

182 4010 285 4085 petunt
303 4002 324 4062 fi
344 4004 370 4062 ei
389 4021 456 4064 snae
480 4004 723 4066 confirmationem
743 4023 780 4064 ex
805 4010 921 4086 paterno
940 4003 998 4064 Dei
1017 4023 1124 4080 umore,
1149 4007 1198 4085 qui
1223 4005 1253 4064 in
1274 4006 1317 4064 ul·

183 4079 319 4144 ciscendis
338 4083 447 4142 iniuriis
467 4090 594 4164 apparet.
623 4081 787 4144 Notandum
828 4091 951 4144 recursa
970 4092 1015 4146 est
1025 4087 1121 4146 vocari
1140 4107 1237 4146 emona
1246 4087 1317 4158 Dei,

186 4163 236 4241 qui
254 4169 351 4226 temen
372 4163 408 4222 ob
428 4181 479 4222 sua
520 4169 616 4222 cecata
635 4165 708 4222 iuste
727 4163 795 4302 quui
831 4169 930 4226 entur:
950 4166 1018 4244 quia
1037 4171 1124 4226 utcun
1146 4185 1181 4224 ue
1196 4185 1249 4225 uos
1268 4183 1318 4224 ca·

184 4241 270 4320 stiget
290 4239 380 4317 Deus,
399 4242 486 4302 noni
507 4262 541 4302 eo
561 4243 690 4322 protinus
714 4262 730 4301 a
751 4243 817 4310 iicit,
838 4242 907 4321 quin
933 4247 1028 4322 potins
1053 4245 1089 4306 de
1107 4187 1199 4306 siiute
1218 4253 1318 4306 nostre

185 4326 306 4380 testetur
324 4339 355 4380 se
374 4339 436 4382 esso
456 4322 617 4382 sollicitum.
647 4319 758 4383 Deinde
777 4321 897 4395 sdmns,
922 4321 970 4382 ubi
991 4331 1132 4402 grassatur
1149 4326 1191 4384 ire
1209 4321 1267 4384 Dei
1286 4327 1318 4384 in
1358 4349 1366 4370 ν

185 4405 279 4461 totum
298 4395 441 4462 Ecclesiae
463 4419 577 4484 corpus,
602 4402 669 4484 quia
694 4401 761 4462 boni
783 4401 865 4464 melis
888 4403 1017 4481 permisti
1034 4412 1111 4490 sunt,
1129 4405 1318 4464 communiter
