2862 4888
140 236 197 310 '50
582 199 872 296 aeaurrrps

161 366 254 422 terrae
272 358 431 432 miscerent,
450 355 555 420 Daniel
563 363 659 420 umen
679 355 903 438 eapitedeoimo,
921 375 996 418 vers.
1012 353 1206 416 decimotoetio
1226 371 1298 434 pro-

162 437 288 512 nunciat,
311 437 468 519 praeiectos
491 436 546 498 illis
571 435 658 496 fuisse
682 441 798 499 sanctos
821 435 957 516 Angelos.
994 433 1058 495 Etsi
1075 441 1172 496 autem
1191 431 1299 515 proba·

164 516 220 578 bile
251 523 294 577 est
318 516 447 599 reprobis
469 515 576 598 augelis
602 515 729 578 addictos
753 514 841 575 luisse
865 534 899 576 ae
922 513 1099 595 mancipatos
1123 512 1299 654 Αιοῃρΰοι,

164 587 250 679 prout
274 595 351 678 digni
376 601 468 670 eraut,
492 597 595 655 noxios
620 601 716 656 tamen
740 593 904 675 simpliciter
930 593 978 656 bie
997 593 1125 675 accipere
1156 591 1240 653 ieebit
1259 589 1299 651 ab

163 677 279 750 effectu,
308 675 387 756 quod
411 673 536 736 adversis
559 673 685 736 cladibus
708 673 806 734 hostes
835 673 936 754 populi
961 671 1017 732 Dei
1042 673 1240 747 multaverint,
1265 675 1300 734 ut

164 774 264 816 corum
288 754 469 835 tyrannidem
493 759 523 814 et
541 755 689 814 saevitiam
712 752 906 834 reprimerent.
945 751 1010 814 Hoc
1033 754 1111 812 enim
1130 750 1217 812 modo
1236 757 1299 810 tam

165 835 303 901 coelestes
330 834 470 913 electique
497 831 615 914 Angeli,
639 852 726 914 quam
749 831 987 906 cacodaemones,
1010 831 1131 893 ministri
1155 847 1300 892 uoxurum

164 933 232 974 rere
255 919 421 988 eeumntur,
449 911 499 972 sed
518 911 637 972 diversis
659 910 766 988 modis,
789 913 856 992 quia
881 912 993 991 priores
1017 910 1211 970 voluntarium
1231 906 1299 968 Deo

165 992 333 1072 obsequium
352 996 509 1072 praestant:
528 992 577 1052 alii
594 1011 666 1052 vero
690 1011 780 1071 quam
806 1009 920 1072 semper
938 987 1046 1052 inbient
1069 989 1106 1050 ad
1126 987 1301 1060 nocendum,

165 1079 195 1139 et
219 1078 312 1210 {ippum
335 1069 434 1134 orbem
457 1089 588 1133 eversum
613 1070 744 1152 cupiant,
767 1069 870 1132 idonee
893 1076 961 1130 aaut
985 1087 1090 1150 organa
1115 1067 1199 1130 malis
1223 1067 1301 1128 inlli-

184 1169 219 1212 en
264 1195 271 1210 ⁸
789 1173 793 1191 t

152 1173 183 1246 'g
226 1223 294 1293 '50.
313 1231 433 1291 nessae
452 1237 594 1291 remitum.
624 1227 757 1290 Secundo
776 1228 889 1309 repetit,
907 1229 980 1290 irum
994 1225 1051 1295 Dei
1069 1228 1158 1289 instar
1181 1223 1304 1288 violenti

165 1309 299 1372 terrentis
318 1308 469 1370 inundasse
488 1315 578 1370 totam
597 1307 775 1390 Aegyptum,
793 1329 937 1388 umquam
955 1309 1168 1370 exeusationem
1187 1307 1216 1366 in
1270 1309 1301 1366 to

165 1387 274 1470 populo
299 1389 456 1469 relinquat,
481 1387 560 1468 quod
583 1393 642 1448 tam
666 1388 818 1469 praeclaris
842 1390 948 1469 gratiae
972 1387 1023 1448 sibi
1043 1386 1206 1468 praestitae'
1233 1402 1303 1444 oeu-
1406 1385 1408 1456 ss

165 1469 269 1529 mentis
288 1487 347 1528 non
367 1467 453 1527 luent
470 1473 596 1528 retentus
617 1466 669 1526 sub
689 1465 746 1528 Dei
765 1467 912 1546 obsequio.
952 1463 1080 1528 Tandem
1098 1464 1210 1546 attingit
1229 1461 1301 1524 Pro·
1408 1531 1409 1540 χ

165 1547 252 1630 pheta
275 1546 444 1608 miraculum
469 1547 570 1606 ultimo
595 1545 660 1606 loco
685 1546 807 1622 editum,
857 1546 913 1606 uod
933 1547 1041 1606 scilicet
1060 1545 1199 1606 omuiad
1278 1543 1302 1602 ti

166 1565 1193 1786 stertititaatuauesteeitutelstete

162 1793 318 1868 primitius
336 1792 463 1846 uirtutis.
492 1781 567 1844 Nam
587 1803 677 1864 quum
697 1786 795 1844 aetatis
812 1783 934 1844 decursu
952 1784 989 1846 ad
998 1785 1141 1844 interitum
1161 1782 1305 1842 declinent
1412 1818 1413 1839 .

166 1883 264 1939 senes,
288 1865 354 1943 quia
378 1868 474 1922 lamen
498 1869 673 1924 renovantur
698 1861 909 1943 quodammodo
933 1863 964 1924 in
988 1862 1096 1938 sobole,
1126 1868 1155 1923 el
1174 1863 1304 2000 vigorem
1413 1904 1414 1933 ,

123 1961 129 1974 ²
167 1943 210 2004 in'
224 1961 256 2002 se
278 1943 443 2023 collapsum·
460 1948 643 2022 recuperant,
668 1941 837 2002 transfertur
862 1939 983 2004 Virtutis
1007 1962 1112 2002 nomen
1131 1940 1167 2002 ad
1187 1941 1207 2002 li
1227 1959 1303 2002 eros.
1414 1989 1415 2012 ,

167 2019 238 2083 Eius
261 2027 357 2082 antem
379 2022 551 2102 principium
576 2021 709 2081 dicuutur
731 2022 921 2102 primogeniti,
949 2023 1033 2084 sicuti
1050 2022 1162 2103 plenius
1181 2019 1304 2100 exposui
1415 2072 1416 2078 ,

168 2100 241 2162 Gen.
266 2101 316 2176 49,
334 2103 364 2163 3.
408 2101 612 2162 Tobunoculo
638 2104 732 2162 Glom
755 2108 840 2160 vocat
865 2099 966 2162 domos
991 2099 1132 2182 Aegypti,
1157 2100 1226 2180 quia
1251 2097 1304 2159 bli-
1416 2156 1417 2164 ,

168 2181 265 2254 sraim,
290 2181 343 2260 qut
364 2195 468 2242 nomeu
493 2179 601 2262 regioni
624 2179 776 2261 imposuit,
799 2179 853 2239 iuit
875 2178 952 2239 filins
972 2179 1075 2256 Cbum,
1100 2181 1173 2240 Gen.
1198 2181 1247 2253 10,
1274 2181 1305 2242 6.
1417 2240 1418 2246 ,

168 2257 261 2320 Porro
281 2258 435 2339 gratuitum
455 2257 511 2318 Dei
530 2277 657 2320 amorem
677 2277 743 2340 erga
763 2265 897 2340 posteros
905 2257 984 2336 Sem,
1002 2258 1148 2341 Propheta
1158 2257 1205 2318 bic
1224 2275 1304 2318 cem·

169 2338 300 2414 mendat,
315 2337 394 2432 quod
413 2356 463 2400 eos
482 2337 647 2419 praetulerit
656 2337 787 2401 omuibus
805 2336 983 2418 titiischom,
1002 2357 1094 2421 Qum
1107 2345 1206 2402 lamen
1223 2336 1305 2400 ndu
1418 2324 1419 2338 ¹

169 2419 286 2502 propria
305 2415 441 2499 dignitate
459 2417 638 2482 excellerent.
720 2459 723 2468 ‚

258 2617 535 2690 semiramim
562 2619 635 2691 lecit
661 2619 751 2714 quasi
779 2641 857 2689 oves
883 2619 1041 2714 populum
1067 2641 1172 2706 suum,
1200 2625 1234 2687 et
1255 2617 1307 2687 de

131 2767 136 2792 2
170 2725 263 2796 duxit
290 2725 382 2818 qussi
407 2749 534 2819 gregem
561 2725 595 2794 in
624 2725 758 2795 deserto.
803 2727 858 2795 53.
878 2723 922 2794 Et
948 2725 1079 2795 deduxit
1104 2725 1139 2794 ia
1164 2733 1250 2809 tuto,
1273 2733 1308 2793 et

170 2853 237 2899 aon
260 2831 446 2901 timuerunts
475 2841 507 2900 et
528 2830 721 2900 adversarios
750 2855 861 2901 eorum
888 2831 1014 2924 operuit
1039 2853 1137 2902 mare.
1180 2825 1236 2898 54.
1263 2827 1308 2898 Et

169 2936 301 3004 adduxit
322 2959 380 3004 eos
401 2936 442 3006 ad
462 2937 634 3006 terminum
656 2937 826 3006 sanctitatis
848 2935 924 3006 suae
946 2946 1089 3006 montem
1100 2936 1195 3020 hunc,
1212 2962 1308 3029 poem

169 3041 337 3134 aequisivit
358 3041 467 3124 deutra
489 3041 566 3110 eius.
610 3042 665 3110 55.
687 3040 731 3110 Et
751 3042 874 3135 expulit
895 3067 913 3114 a
936 3042 1014 3111 iacie
1042 3065 1154 3111 eorum
1176 3041 1309 3129 Gentes,

170 3157 203 3216 et
223 3147 356 3239 proiecit
376 3169 430 3216 eas
451 3147 485 3216 iu
506 3157 625 3216 sortem
652 3148 867 3218 baereditatisr
894 3159 927 3217 et
947 3147 1087 3216 babitare
1115 3147 1188 3216 iecit
1209 3147 1244 3215 iu
1266 3158 1310 3216 ta·

130 3251 135 3260 ’
168 3253 347 3354 bernaculis
368 3251 513 3346 ipsorum
534 3253 618 3321 filios
639 3252 744 3323 lsrael.
778 3253 831 3320 56.
853 3253 1114 3349 Etteutavemnt,
1135 3263 1168 3320 et
1184 3275 1312 3321 exacer-

168 3351 323 3428 baverubt
352 3357 459 3428 Deum
475 3358 663 3444 ,excelsum
698 3369 731 3427 et
756 3359 936 3428 testimonia
963 3359 1031 3428 eius
1057 3382 1124 3427 non
1150 3357 1310 3428 custodie·

65 3461 69 3472 “
168 3473 254 3532 runt.
299 3463 352 3530 57.
375 3461 418 3532 Et
439 3463 541 3534 aversi
562 3475 646 3550 sunt,
668 3474 702 3532 et
721 3465 840 3556 perfide
857 3475 998 3556 egerunt,
1019 3463 1100 3532 sicut
1115 3475 1219 3556 patres
1239 3463 1310 3534 snit

93 3590 96 3603 ·
169 3567 279 3638 reflexi
301 3578 377 3636 sunt
403 3569 494 3660 quasi
521 3575 611 3638 ar'cus
642 3568 782 3638 dolosus.
826 3570 881 3666 bd.
903 3567 946 3637 Et
966 3569 1006 3637 ad
1027 3569 1218 3638 iracundiam
1238 3592 1313 3661 pro

170 3684 365 3743 vocaverunt
386 3698 462 3743 eum
488 3675 522 3744 iu
548 3675 682 3745 excelsis
709 3673 788 3744 suist
821 3686 854 3744 et
880 3675 913 3742 in
940 3673 1136 3768 sculptilibus
1167 3672 1234 3746 suis
1267 3675 1311 3742 ad

169 3778 248 3846 iram
271 3801 346 3848 eum
362 3779 609 3849 concitaverunt.

117 3967 121 3978 ·
186 3890 197 3914 θ
250 3925 300 3986 52.
319 3925 618 4006 belesmensem.
654 3923 764 3986 lterum
811 3929 943 3988 aternum
960 3925 1019 3986 Dei
1037 3924 1165 3986 bvomm
1184 3923 1312 3988 celebrat

170 4020 237 4083 erga
258 4002 380 4064 electum
398 4002 555 4140 populum,
579 4023 671 4084 quem
692 4003 738 4082 (ut
757 3946 823 4065 abbi
843 4006 979 4085 diximus)
1004 4007 1082 4086 gregi
1107 4007 1206 4064 orium
1229 4023 1312 4065 eoru·

172 4089 263 4162 parat,
282 4101 319 4142 eo
338 4101 397 4163 quo
436 4081 506 4140 nibil
525 4079 573 4140 vel
592 4082 702 4143 consilii
722 4081 769 4142 vel
788 4085 851 4165 opis
877 4083 913 4143 ad
938 4103 970 4146 se
994 4083 1144 4144 latendum
1168 4083 1312 4158 babuerit,

170 4161 224 4222 nisi
245 4158 325 4220 Deos
344 4161 466 4241 pastoris
491 4177 596 4221 munus
621 4181 656 4221 ae
670 4165 776 4242 ,partes
798 4157 941 4244 suscipere
966 4161 1098 4244 diguatus
1121 4162 1205 4224 ieret.
1244 4161 1313 4226 Hoc

172 4245 268 4298 autem
287 4259 346 4298 nou
366 4239 485 4320 vulgare
504 4245 548 4298 est
566 4239 671 4300 amoris
690 4241 844 4322 specimen,
864 4242 942 4322 quod
953 4240 1033 4304 Deus
1047 4261 1175 4321 eousque
1194 4241 1324 4302 descen-¹

171 4317 238 4378 dere
262 4324 396 4397 gravatus
419 4337 486 4390 ‚nou
510 4324 555 4378 est
582 4324 616 4379 ut
639 4338 708 4380 ores
731 4337 798 4382 suas
828 4327 966 4402 pasceret
1010 4319 1072 4384 Nee
1094 4339 1165 4382 vero
1188 4321 1313 4384 imbellis
