2862 4888
95 45 164 190 ‘t

157 289 221 366 '50
612 293 896 336 r.cacrrn·us
948 314 952 321 -

186 417 295 482 cendio.
335 415 392 478 Sul
417 415 472 478 boo
496 415 583 478 modo
601 417 645 478 ria
669 419 815 504 repentino
834 417 870 478 od
890 425 1027 480 terrorem
1046 419 1230 500 exprimiturc
1255 422 1316 480 aeri

99 535 101 540 ,
185 503 304 563 diceret.
328 499 386 558 cito
406 497 492 558 luisse
510 504 641 574 voratos,
665 505 698 558 ut
722 501 834 559 llamma
854 500 948 560 solent
966 492 1149 580 quisquilioc.'
1181 497 1314 582 Sirogem

184 578 332 641 bancalia
354 577 374 636 ii
414 595 445 636 ra
469 575 631 652 coufirmat,
657 577 735 658 quod
754 579 880 638 virorum
900 579 1017 662 penuria
1035 580 1158 661 virgines
1176 580 1245 640 inno
1267 587 1315 640 lae

183 659 347 720 manserint.
394 657 459 716 licit
477 658 552 716 euim
571 677 632 717 non
645 661 746 754 finisse
765 660 913 734 laudatur,
931 659 1018 799 prisppic
1030 659 1072 798 ind
1080 659 1186 799 rpuptiis
1198 659 1314 814 tpprlha·

1018 761 1050 798 er
1071 763 1088 798 o
1101 747 1196 834 eripe
1236 757 1313 820 quoe

182 741 267 802 lamia
282 753 383 799 canem
395 735 527 796 solerent.
547 735 745 819 indignitatem
757 745 850 818 auget,
870 757 929 819 quo

182 819 264 881 Iloua
288 816 469 900 peculiariter
489 817 520 876 iu
540 835 627 878 suum
652 818 839 901 patrpciuium
868 825 1027 899 receperat,
1055 837 1216 899 promiscue
1244 838 1313 878 cum

169 901 243 960 aliis
256 897 397 979 perierint.
417 892 505 972 Quod
523 897 628 956 uiduus
646 899 755 956 lucisne
773 906 876 979 negat,
894 899 932 956 ite
954 898 1070 978 occipio,
1090 896 1136 958 vel
1155 905 1221 958 anto
1239 905 1311 958 tem·

181 999 236 1062 pur
256 993 385 1038 moerore
404 973 490 1035 luisse
509 975 661 1035 extinctam
680 976 727 1036 vcl
747 995 837 1056 quum
857 975 994 1038 obductae
1013 983 1107 1037 esseut
1120 975 1155 1036 ab
1171 977 1311 1052 hostibus,

181 1055 337 1140 prohibitos
356 1055 442 1126 liniare
459 1070 477 1114 a
497 1053 585 1114 luctu.
610 1053 661 1115 His
681 1061 776 1116 autem
795 1053 888 1116 verbis
907 1057 938 1116 io
957 1075 1067 1116 sommo
1087 1057 1189 1118 docere
1207 1057 1312 1134 voluit,

180 1139 250 1200 nihil
269 1135 412 1198 residuum
432 1134 517 1194 imore
536 1132 572 1194 ad
591 1141 746 1195 extremam
767 1135 907 1196 mulorum
926 1135 1094 1218 congeriem.
1126 1170 1128 1178 ,

260 1219 307 1280 65.
328 1217 368 1276 Ei
380 1215 613 1296 ‘expergefactus
632 1223 682 1275 cat.
702 1211 827 1353 (guidam
848 1213 904 1276 hcc
923 1215 1100 1278 uelsmctitis
1120 1213 1226 1276 dicium
1246 1235 1311 1277 esse

179 1297 295 1358 volunt:
315 1290 361 1354 alii
380 1293 417 1353 dc
435 1307 535 1354 eorum
554 1292 691 1353 hostibus.
734 1295 744 1354 i
762 1293 884 1356 mutent
901 1297 981 1376 prior
998 1314 1106 1372 seusus,
1125 1315 1184 1356 uon
1203 1297 1310 1356 mirum

147 1441 164 1448 ,
179 1379 233 1455 erit
253 1375 390 1436 israelitas
412 1373 510 1434 vocari
528 1375 588 1434 Des
611 1375 812 1452 aduersarios,
841 1377 925 1435 siculi
953 1375 1030 1456 opud
1054 1373 1169 1435 {esaiam
1194 1393 1257 1458 cap·
1278 1381 1309 1450 i,

179 1475 253 1517 vera.
273 1457 322 1517 24.
361 1451 454 1527 Heus,
478 1471 531 1534 ego
555 1470 602 1513 mc
622 1454 657 1512 de
676 1453 805 1514 hostibus
823 1453 1043 1515 meisnlciscnr.
1082 1453 1191 1514 Sensus
1210 1461 1308 1515 autem

160 1538 241 1611 ferit,
261 1551 364 1615 magno
384 1534 542 1592 constitisse
561 1533 702 1609 Israelitis,
721 1535 799 1614 quod
819 1555 855 1595 er
869 1533 1074 1617 Dei·patientia
1092 1534 1161 1616 pias
1177 1535 1310 1596 licentiae

178 1619 370 1696 s'nmpseronte
390 1613 457 1692 quia
476 1619 592 1696 reponio
611 1631 700 1694 exper
718 1615 834 1689 elacior,
853 1615 959 1694 maiore
978 1615 1086 1696 impetu
1105 1616 1135 1674 iu
1151 1628 1201 1675 eoa
1215 1615 1307 1675 irruit.

177 1695 235 1756 sco
256 1695 322 1776 quia
333 1692 489 1772 Prophetas
509 1693 638 1752 videmus
657 1711 694 1753 ex
735 1710 784 1754 ose
804 1693 916 1755 inaurire
934 1703 1016 1755 suam
1036 1694 1201 1774 doctrinam,
1219 1693 1308 1755 verba

177 1777 262 1836 etiem
287 1774 411 1834 formare
434 1771 469 1830 od
494 1771 564 1832 illud
589 1773 749 1856 exemplar,
778 1793 835 1834 non
860 1776 954 1836 minus
973 1771 1125 1855 probabilis
1144 1780 1188 1833 cst
1205 1791 1307 1834 eorum

177 1853 348 1934 oiuio·i1ui
372 1853 408 1913 de
427 1847 582 1928 Philirliuis
607 1853 761 1934 accipiunto
791 1856 856 1934 quin
878 1855 990 1914 videtur
1015 1851 1092 1913 hune
1115 1854 1241 1914 ordinem
1266 1871 1307 1914 ex

208 1933 403 2012 orii'cnutico
427 1927 514 1991 Dent.
533 1933 582 2004 32,
602 1934 650 2013 27.
676 1939 820 1992 mutuatus
845 1932 990 2016 Propheta
1015 1939 1126 2008 noster,
1150 1932 1200 1993 ubi
1223 1931 1306 1994 Deus

176 2033 235 2075 uon
259 2013 299 2074 ita
323 2026 354 2072 se
379 2026 486 2094 poenas
508 2012 622 2092 erigere
648 2009 684 2070 de
707 2012 816 2093 populo
840 2033 893 2072 suo
912 2013 1090 2095 pronuntiat,
1116 2013 1187 2094 ¹quin
1206 2031 1306 2074 rursus

176 2089 741 2232 impertiturusinsu
760 2093 1306 2234 ulciscerentur

175 2191 268 2312 epapm
287 2271 347 2312 esee
367 2215 523 2310 obscurior:
542 2247 597 2308 Ubi
617 2239 711 2311 nutem
724 2188 842 2311 tiill'lotis
861 2247 992 2312 israelitis
1011 2191 1222 2311 deliciamur
1244 2249 1311 2312 side·

96 2387 105 2408 ,
197 2333 322 2394 ominum
341 2349 438 2404 moun,
457 2335 572 2410 praeter
588 2331 795 2410 iptm'mnndi,
814 2337 844 2391 el
858 2339 1023 2392 consuetum
1036 2349 1149 2390 onoma
1170 2330 1304 2412 g'rediiun

173 2411 241 2472 hinc
268 2411 369 2471 melius
398 2416 530 2492 apparet,
558 2411 670 2468 nonnisi
700 2409 834 2470 divinitus
859 2418 1016 2492 procinctos
1044 2411 1130 2471 luisse
1167 2406 1304 2472 amilitas.

147 2527 149 2534 ·
173 2482 283 2552 interea
303 2491 437 2550 admonet
456 2485 540 2548 dmui
555 2486 697 2569 Propheta
717 2493 883 2550 necessitate
902 2490 1081 2571 compulsum
1101 2489 1187 2550 inisse
1206 2489 1305 2551 Deum

173 2571 395 2632 adsumendum
416 2569 570 2629 duriorem·
583 2585 718 2646 poenam:
749 2571 814 2650 quia
840 2569 1004 2629 Philistinos
1035 2571 1135 2630 deinde
1154 2569 1303 2652 mitigans,

173 2651 273 2711 iocum
292 2665 386 2725 suum,
410 2650 490 2708 coins
509 2647 599 2707 rideri
613 2645 723 2706 ¹oblitos
743 2655 862 2730 poterat
884 2650 1027 2734 proeclare
1045 2651 1173 2710 asseruit.
1203 2648 1302 2728 Quan-

173 2749 261 2812 quam
280 2730 353 2790 enim
369 2726 581 2808 quodammodo
605 2747 636 2786 se
656 2725 809 2788 Philistionis
830 2727 865 2788 ad
884 2737 996 2810 lempna
1015 2730 1191 2804 adiunxerat,
1209 2729 1305 2790 uoluit

171 2818 267 2872 tameo
307 2825 403 2868 rursus
423 2825 547 2866 arnonem
568 2805 687 2865 abiicere
710 2825 777 2887 erga
797 2807 929 2869 Abrahae
952 2809 1040 2882 iiiior,
1065 2827 1103 2868 ne
1124 2810 1203 2869 irrita
1224 2817 1304 2869 maci

172 2891 234 2952 eius
252 2889 273 2948 ui
293 2907 332 2948 eo.
366 2885 529 2946 Similitudo
548 2883 617 2944 ebrii
636 2885 773 2961 hominis,
803 2889 933 2966 quamvis
952 2887 1092 2970 asperior,
1121 2908 1180 2950 noo
1200 2888 1251 2950 abs
1269 2907 1302 2949 re

171 2977 266 3029 tomen
287 2969 379 3048 posite
398 2973 456 3040 esti
477 2966 543 3046 quia
563 2967 794 3026 accommodetur
813 2966 848 3026 od
868 2967 967 3050 populi
986 2975 1141 3048 stuporem.
1181 2967 1255 3029 Nam
1274 2969 1300 3029 si

170 3067 242 3129 pura
271 3047 383 3144 luisset·
395 3065 428 3106 rc
457 3045 602 3140 defoecata
627 3052 751 3120 mente„
766 3065 823 3106 non
842 3045 882 3106 iia
894 3055 934 3107 ‘sa
964 3046 1190 3144 transformasset
1209 3043 1300 3121 Deus,

168 3121 1300 3292 iittttttiti'it‘izliiiiitnlitttttitiittiiitt

127 3305 130 3316 ’
168 3286 292 3346 dentium
311 3286 374 3348 init.
410 3283 497 3364 Quod
517 3283 553 3342 ad
572 3276 667 3342 Deum
687 3291 810 3364 spectat,
829 3284 898 3345 nihil
918 3287 978 3345 cius
999 3285 1103 3366 gloriae
1123 3286 1240 3367 deroget
1260 3288 1299 3346 ai·

167 3365 308 3428 militudo.
331 3360 452 3424 Videtur
471 3365 580 3443 sopitus
599 3381 668 3435 ease,
689 3364 741 3423 nisi
763 3369 871 3424 mature
890 3365 1045 3424 remedium
1066 3363 1196 3426 adhibeat
1215 3366 1301 3425 malis

166 3448 282 3508 uostris.
302 3443 384 3503 Unde
398 3451 491 3503 autem
508 3462 603 3522 sopor,
623 3463 712 3523 quum
727 3443 891 3503 fortitudine
901 3444 1036 3524 Gigantes
1051 3463 1149 3504 omnes
1163 3449 1299 3526 superet?

135 3571 137 3578 .
167 3525 270 3608 quihus
290 3524 372 3584 facilc
391 3531 436 3583 est
454 3519 578 3604 perferre
598 3523 697 3602 longos
717 3523 839 3603 vigilias,
857 3531 888 3583 et
907 3525 956 3604 qui
976 3522 1088 3584 modico
1108 3543 1209 3589 somno
1228 3543 1297 3584 oon-

166 3606 239 3666 lenti
262 3611 336 3664 suot
377 3603 505 3662 Quintio
529 3604 589 3662 cius
615 3598 731 3696 perinde
751 3604 889 3682 accipitur
908 3623 924 3662 n
944 3602 1063 3684 stupidis
1083 3606 1140 3663 acsi
1158 3606 1297 3665 attonitus

165 3691 241 3746 earet
259 3685 328 3766 ipse.
353 3681 431 3743 Dicit
449 3688 544 3742 aulem
563 3679 684 3741 subitam
704 3683 900 3742 excitationem
920 3681 975 3741 Dei
995 3683 1084 3762 magis
1104 3681 1296 3743 turbulentam

165 3766 237 3836 lure,
255 3764 378 3844 quamsi
392 3761 485 3842 primo
500 3769 645 3822 momento
660 3779 775 3821 monum
785 3779 865 3821 auam
876 3762 1035 3821 extulisset:
1056 3762 1299 3843 quemadmodum

166 3846 190 3903 si
200 3843 287 3922 Gigas
308 3842 486 3913 temulentus,
505 3841 625 3902 necdum
646 3840 777 3900 exhalata
797 3841 921 3921 crepula,
939 3847 1056 3921 repente
1075 3859 1092 3901 a
1112 3860 1213 3901 somno
1233 3861 1295 3902 nur-

166 3930 222 4002 gul.
250 3922 336 4002 Quod
357 3921 425 3981 dicit
442 3931 523 3981 reiro
537 3943 693 4001 percursam
707 3923 805 4004 suisne
824 3925 928 3997 hoster,
947 3920 1030 3980 mulli
1049 3919 1086 3980 ad
1105 3922 1217 4001 plagam
1228 3920 1295 3981 Phi·

164 4003 265 4063 listiuin
294 4001 438 4072 inflictam,
469 4005 497 4062 1.
517 3999 595 4059 Sum.
616 4005 644 4073 5,
674 4005 722 4061 12.
747 4001 946 4079 restringunt·
968 3998 1007 4060 Et
1022 4004 1169 4062 ‘convenit
1188 4020 1294 4063 nomen

164 4091 301 4142 estmoe
324 4088 521 4162 ignominiae,
551 4079 617 4158 quia
642 4079 725 4138 dolor
749 4078 797 4139 illc
825 4081 855 4137 in
885 4081 945 4139 nois
975 4079 1109 4140 ulcerosis
1139 4079 1295 4160 probrosus

164 4162 232 4234 tuit,
251 4162 301 4220 sed
320 4180 410 4240 quum
430 4153 545 4218 sennunr'
565 4157 763 4240 simpliciorem
785 4159 934 4221 admittant
953 4161 1049 4237 verbe,
1069 4160 1155 4221 iuliae
1176 4178 1193 4223 a
1213 4167 1294 4243 tergo

162 4259 326 4322 percussor,
345 4240 401 4301 hoc
420 4259 473 4322 ego
492 4239 523 4299 iu
541 4236 635 4302 medio
654 4237 793 4322 relinquo.
