2874 4888
515 303 559 344 trs
587 303 748 346 enatat.
774 305 858 348 xciv.
981 324 985 344 ι
1196 295 1294 370 ¹61¹*

107 423 308 504 indignitatem
328 423 419 496 valet,
444 424 521 503 quod
541 423 626 506 longa
647 414 703 486 Dei
723 427 859 508 patientia
878 429 1083 506 obduruerant,
1104 441 1192 514 atque
1210 457 1248 499 ex

107 505 214 564 duritie
234 521 293 563 uun
313 504 500 584 pervicaciam
521 511 723 566 contraxerant
746 508 848 583 mode,
873 509 922 568 sed
948 511 1151 591 impudentiam
1176 501 1247 594 quo-
1306 523 1318 544 ’

106 604 180 665 quet
201 579 260 643 ecs'i
280 601 380 642 eorum
399 582 574 663 improbitati
592 582 674 644 Deus
692 586 809 646 faveret.
849 585 923 648 Nem
942 591 972 648 iu
992 591 1126 651 adverbio
1145 615 1249 674 napse-

106 686 168 746 qun
187 662 231 722 bis
251 662 372 744 repetite
398 661 531 722 diuturne
555 669 672 724 notetm
694 665 862 745 impunitas:
892 671 949 728 acsi
973 669 1103 742 dixisset,
1128 691 1186 730 uon
1206 673 1248 732 in·

106 741 1102 904 {tittttattttttttta‘lstttat‘ttt‘ttitt
1119 751 1247 891 titt

105 902 292 981 tyrannidem
316 903 496 960 exercuerint
520 902 642 982 reprobi.
667 921 721 963 uec
740 905 838 964 statim
857 905 1013 966 adhibitum
1040 907 1160 968 lueriis
1181 907 1246 970 Deo

105 981 280 1042 remedium:
309 1001 346 1040 ne
370 981 507 1040 miremur
530 983 554 1039 si
578 980 663 1041 bodie
683 1001 798 1062 quoque
818 985 866 1044 lou
886 987 909 1045 is
930 975 1159 1067 oppressionibus
1179 987 1247 1048 sub-

105 1063 201 1122 iaceat
219 1059 361 1120 Ecclesia:
381 1079 435 1120 uec
453 1065 587 1140 putemus
608 1079 724 1139 prorsus
743 1081 760 1140 a
780 1059 846 1123 Deo
867 1007 1016 1138 desertam,
1037 1069 1167 1146 quamvis
1188 1089 1247 1128 non

105 1143 240 1222 protinus
265 1136 396 1199 sanandis
421 1139 502 1198 melis
522 1159 639 1199 manum
660 1138 818 1202 admoveat.
858 1145 1039 1205 Exsultnndt
1059 1145 1148 1206 verbo
1167 1146 1245 1206 lueti-

105 1223 177 1281 tiam
201 1221 364 1300 proterviae
388 1226 418 1280 et
442 1219 591 1281 iactantiae
636 1220 728 1280 lenam
758 1220 900 1301 designat,
930 1241 1020 1304 quum
1049 1225 1130 1306 impii
1158 1225 1245 1306 longa

105 1302 297 1384 prosperitate
316 1298 395 1374 ebrii,
415 1297 528 1380 quidvis
548 1298 599 1358 sibi
616 1241 703 1360 liuere
718 1299 875 1361 confidunt.

187 1380 216 1442 4.
243 1381 405 1463 Effultunt.
446 1363 564 1438 Ctaum'
578 1377 634 1438 hoc
653 1378 728 1438 idem
748 1399 784 1438 ex
807 1380 891 1454 rimit,
912 1387 991 1441 teuta
1007 1382 1119 1444 'seilicet
1138 1381 1244 1446 leroeia

107 1467 238 1542 turgere,
259 1467 291 1518 ut
310 1459 423 1539 gloriari
443 1459 473 1518 iu
492 1457 645 1518 sceleribus
665 1457 724 1518 nori
744 1399 884 1520 delitent.
915 1459 1043 1521 Verbum
1063 1453 1244 1541 immund

106 1541 222 1636 eliutire
241 1543 388 1612 vertimus,
408 1539 472 1635 plus
492 1544 537 1600 est
555 1555 642 1618 quem
661 1537 750 1676 loqui.
787 1535 865 1634 Nam
881 1559 971 1620 quum
990 1541 1106 1622 proprie
1126 1542 1244 1636 ebullire

107 1617 709 1778 :tttoetttttt'tttttttfttit
729 1618 1243 1780 attttttttttttatttimtt

106 1783 192 1842 etium
218 1796 413 1857 cummagno
438 1795 491 1836 suo
516 1776 621 1858 probro
641 1783 671 1837 et
691 1775 828 1837 dedecore
847 1779 1004 1858 potentiam
1023 1797 1104 1838 suam
1124 1779 1243 1842 futiliter

107 1861 236 1932 ederant,
262 1858 395 1917 minando
415 1857 500 1930 enim,
524 1856 595 1916 nibil
614 1875 700 1936 quam
722 1855 832 1930 caedes,
851 1857 1024 1930 violentiam,
1044 1865 1073 1918 et
1092 1858 1241 1922 barbaram

107 1941 288 2001 atrocitatem
312 1943 436 2016 crepant.
466 1935 541 1996 Istae
560 1942 627 1996 sunt
645 1936 825 1996 ebullitiones
845 1936 881 1996 de
901 1937 1004 2016 quibus
1024 1937 1152 2018 loquitur
1172 1938 1243 2000 Pru·
1329 1945 1338 1966 '

108 2019 205 2101 pheta,
226 2016 296 2078 dum
314 2017 393 2098 impii
414 2015 532 2096 pudoris
551 2022 581 2076 ct
599 2015 754 2076 modestiae
775 2014 865 2092 obliti,
885 2035 915 2076 se
932 2017 1043 2096 quidvis
1058 2034 1110 2098 pro
1125 2013 1241 2082 libidine

108 2107 222 2160 acturos
246 2099 353 2156 iactare
381 2115 441 2155 nou
465 2095 605 2154 dubitant.
648 2095 746 2175 Atque
775 2095 847 2155 haec
876 2103 919 2155 est
943 2099 1066 2158 duritias
1089 2108 1242 2176 ammonis,
1275 2119 1283 2136 ¹

108 2197 195 2260 quam
215 2195 310 2256 neque
323 2177 405 2249 ratio,
424 2193 518 2256 neque
532 2175 627 2246 timor,
646 2192 741 2254 neque
756 2173 867 2236 bonesti
881 2182 1026 2256 respectus
1041 2175 1156 2235 cohibet
1171 2181 1241 2256 quin
1360 2247 1364 2256 ¹

107 2263 274 2340 perrumpat
294 2273 466 2392 quocunque
485 2253 583 2312 tulerit
601 2253 714 2312 ellreuis
733 2253 855 2314 licentia.
895 2254 953 2314 lam
974 2256 1047 2314 sicut
1063 2254 1132 2314 baec
1146 2259 1241 2336 gravis

107 2338 227 2398 tentatio
247 2334 301 2394 luit
321 2335 389 2394 olim
431 2332 549 2404 delibus,
570 2333 729 2392 camareto
744 2331 869 2394 Ecclesia
885 2353 1002 2414 prorsus
1022 2333 1169 2394 contusam
1190 2337 1241 2396 do·

109 2417 306 2478 minationem:
330 2415 371 2472 ita
390 2411 474 2473 bodie
494 2411 643 2485 dommur,
668 2413 780 2490 quoties
800 2419 994 2552 praepostere
1017 2415 1124 2493 regitur
1143 2413 1240 2475 Eccle·
1299 2445 1305 2464 s

109 2497 159 2568 sia,
178 2495 227 2556 vel
246 2495 341 2574 potins
361 2492 541 2572 opprimitur,
562 2491 631 2550 nihil
650 2493 720 2550 nori
739 2493 799 2552 acci
818 2511 881 2552 ere:
901 2493 950 2552 sed
965 2493 1157 2554 invocandum
1177 2513 1240 2555 esse
1309 2559 1312 2566 f

106 2575 236 2718 1Ιίῐειιιιιιἰε
234 2574 285 2654 qui
302 2579 369 2654 pest
387 2573 502 2652 longam
522 2569 789 2648 dissimulationem,
813 2573 928 2634 tandem
948 2575 1036 2634 servis
1060 2573 1119 2633 suis
1144 2574 1240 2656 opitu·

148 2655 207 2714 'so
237 2659 257 2712 t.
447 2683 451 2692 ·

186 2737 214 2798 5.
234 2733 388 2814 Populum
407 2739 499 2792 tuum.
525 2730 580 2792 Ubi
600 2730 636 2792 de
651 2729 732 2791 ebria
752 2735 782 2790 et
801 2731 940 2812 petulanti
959 2729 1114 2791 verborum
1133 2731 1237 2794 tantan·

108 2815 145 2876 tia
164 2815 302 2892 loquutus
322 2819 374 2882 est,
394 2811 466 2870 lacta
487 2829 603 2892 quoque
623 2809 763 2884 describit,
790 2810 869 2891 quod
887 2813 1047 2872 immaniter
1065 2808 1122 2869 Dei
1141 2809 1238 2872 Eccle·
1272 2815 1276 2824 '

108 2898 177 2954 stam
198 2891 332 2972 affligant.
354 2890 386 2951 Si
406 2890 552 2972 indignum
571 2897 614 2950 est
633 2909 651 2951 a
671 2890 797 2970 prolenis
816 2889 941 2971 Regibus
961 2889 1088 2950 subditos
1108 2910 1176 2950 suos
1195 2893 1239 2952 in·

107 2975 180 3034 iuste
199 2973 300 3055 premi,
320 2977 397 3032 certe
415 2971 537 3032 electum
549 2969 603 3029 Dei
623 2970 771 3051 populum,
791 2973 841 3050 qui
861 2969 1009 3050 peculiaris
1029 2976 1072 3028 est
1090 2970 1151 3030 eius
1172 2970 1237 3031 bae·

107 3055 221 3127 reditas,
242 3052 392 3131 tyrannide
411 3051 529 3123 conteri,
547 3049 640 3110 multo
660 3049 754 3108 minus
774 3057 817 3109 est
837 3049 991 3110 tolerabile.
1022 3047 1081 3109 lum
1102 3053 1238 3112 memine-

108 3137 195 3196 rimus
216 3131 315 3192 dicturi
334 3131 381 3190 hio
400 3129 482 3192 nubis
502 3127 636 3210 precandi
656 3129 794 3192 termam.
820 3129 931 3207 quoties
949 3129 1079 3192 scelerati
1099 3129 1238 3204 homiues,

107 3233 140 3274 ac
160 3212 329 3352 praepartim
353 3210 450 3306 bostes
474 3209 640 3348 qprqqqtlicqq
665 3207 800 3344 narcbisapt
816 3206 1095 3346 ΙιὶεΙίιῑιέῐιειῖιάοΙΙῑὶνιιο
1124 3210 1237 3348 molppti

108 3313 181 3352 sun.
250 3309 295 3349 am
337 3308 461 3349 uranon
511 3309 528 3346 n
641 3307 676 3346 eo
715 3307 747 3346 ur
800 3306 815 3345 e
864 3307 900 3344 no
930 3309 941 3345 r
984 3307 1074 3351 saus.
1120 3309 1164 3348 nra
1206 3311 1236 3350 0.

108 3374 197 3432 mines
216 3311 371 3430 sumusqab
390 3370 452 3449 ipso
473 3368 593 3428 eorsditi:
618 3367 771 3426 sedetiam
792 3360 924 3445 pretiosa,
943 3366 1010 3446 quia
1030 3385 1083 3424 nos
1099 3309 1131 3428 in
1153 3387 1236 3449 pecu·

108 3451 145 3512 lie
165 3470 218 3510 sun
239 3456 346 3516 censet:
366 3447 460 3529 siquid
480 3449 603 3528 patimur
623 3447 748 3518 iniuriae,
767 3445 931 3504 familiarius
949 3447 984 3506 ad
1000 3465 1065 3504 eum
1081 3447 1236 3528 coningere

107 3531 180 3592 licet.
221 3528 356 3608 Sequitur
375 3530 464 3588 altera
484 3527 675 3608 amplificatio,
696 3525 774 3604 quod
794 3544 831 3583 ue
849 3527 947 3586 uiduis
965 3527 1080 3608 paridem
1096 3535 1235 3606 purcant,

103 3611 233 3692 pupiltos
251 3611 431 3688 uuerfieinnt
450 3631 488 3668 oc
502 3615 685 3689 peregrines.
705 3604 795 3684 Atqui
810 3603 891 3663 Deus
910 3611 1064 3686 postquam
1083 3605 1112 3666 iu
1132 3625 1236 3686 genere

107 3689 250 3770 praecepit
263 3695 295 3748 ut
310 3691 445 3749 iustitiam
460 3695 489 3748 et
502 3692 672 3765 aequitatem
691 3693 792 3744 mutuo
813 3685 949 3758 colamus,
969 3686 1119 3766 praecipue
1140 3695 1235 3745 tamen

108 3770 206 3830 viduas
226 3775 255 3828 et
274 3770 438 3850 peregrinos
457 3773 487 3827 et
507 3766 630 3847 pupillos
650 3764 843 3824 commendet:
864 3767 932 3844 quia
951 3783 985 3824 eo
1006 3766 1070 3845 plus
1091 3769 1235 3824 merentes·

106 3847 288 3908 humanitatis
308 3855 338 3910 et
357 3847 576 3919 misericordiae,
597 3866 655 3925 quo
674 3845 764 3925 magis
784 3842 901 3903 obnoxii
921 3851 988 3904 sunt
1007 3845 1123 3904 iniuriis.
1165 3843 1235 3921 Quo

106 3930 194 4008 magis
214 3947 245 3986 se
264 3929 360 4008 prodit
379 3929 509 4008 impietas
529 3933 558 3984 et
576 3925 633 3985 Dei
656 3931 852 4003 contemptus,
882 3923 931 3984 ubi
955 3925 1114 4006 promiscue
1133 3923 1163 3983 in
1184 3941 1235 3982 eos

106 4009 266 4082 saeviendo,
290 4025 352 4072 nou
366 4008 453 4068 modo
473 4005 598 4066 violetur
618 4008 660 4064 ius
685 4022 850 4076 commune,
879 4005 927 4064 sed
953 4003 1130 4086 privilegium
1155 4001 1234 4082 quod

105 4087 185 4148 Deus
209 4089 246 4146 ad
271 4088 405 4149 tuendam
429 4105 529 4146 eorum
552 4087 671 4144 sulutem
692 4083 764 4144 ferre
784 4083 914 4163 diguatus
935 4092 986 4143 est.
1026 4082 1125 4161 ltaque
1145 4085 1235 4161 magis

105 4169 184 4228 inse
203 4175 362 4248 provocant
382 4170 451 4226 iram
472 4164 528 4225 Dei
548 4165 598 4242 qui
618 4165 770 4233 erudeliteq
789 4164 818 4222 iu
839 4163 903 4222 illos
922 4165 1078 4241 insurgunt„
1099 4159 1136 4222 lit
1156 4171 1233 4221 certe

105 4249 214 4328 pueris,
234 4250 300 4328 quia
319 4267 350 4308 se
370 4245 519 4306 defendere
540 4251 698 4323 nequeunt,
718 4249 799 4302 aetas
818 4243 880 4322 ipse
900 4241 1011 4302 infirma
1031 4241 1170 4335 praesidio
1183 4243 1234 4302 'est

105 4329 190 4388 etiam
209 4329 345 4387 adversus
364 4344 447 4387 naues
467 4329 496 4384 et
515 4322 588 4382 ieras
609 4323 719 4382 bestias.
740 4319 836 4398 Quam
851 4327 934 4402 turpe
949 4327 992 4380 est
1006 4322 1091 4399 igitur
1105 4327 1133 4380 et
1152 4341 1232 4379 mon·

105 4415 249 4468 etruosum
268 4404 440 4480 bominibus,
462 4405 534 4462 virsa
553 4421 620 4462 suas
639 4409 739 4485 contre
760 4421 809 4462 eus
829 4401 969 4480 experiri?
990 4397 1081 4459 Porro
1102 4403 1183 4481 quasi
1203 4403 1233 4461 in

127 4503 231 4548 cusan
244 4505 266 4546 ra
280 4505 360 4548 reu..
371 4506 433 4546 raa.
448 4503 478 4544 rr.
880 4485 917 4542 11
