2890 4886
232 173 243 220 l

540 297 771 340 suessan.
800 299 869 339 eru.
1213 303 1264 360 251

176 419 207 483 1.
230 415 394 484 Celebrate
415 414 577 498 lehovsrn,
599 416 672 507 quis
689 416 803 500 honus,
825 419 897 509 quis
918 419 951 484 in
968 419 1111 488 seculum
1133 421 1267 490 clemen·
1317 433 1321 440 ’

131 523 174 590 tia
197 523 274 590 eins.
315 519 352 588 9.
375 520 491 589 Dicant
519 521 673 616 redempti
694 521 839 608 lehcvse,
867 545 949 616 quos
976 525 1108 593 redemit
1130 551 1149 592 e
1169 551 1267 596 rnann

130 627 317 698 tribulantis.
362 629 396 698 3.
418 629 509 714 Quos
531 627 655 720 collegit
677 631 840 714 extersis,
866 629 905 698 ab
928 629 1057 698 Oriente
1084 641 1117 700 et
1144 656 1267 720 nomeu,

130 761 150 802 a
177 735 402 826 Septentrioue
429 745 462 802 et
488 731 629 802 Meridie.
673 730 705 804 4.
733 734 886 804 Errerunt
912 759 931 804 s
958 736 1008 806 vio
1029 737 1064 804 in
1085 737 1210 807 deserto
1232 740 1266 806 in

131 841 314 924 solitudine,
338 840 452 908 urbem
484 824 683 910 habitationis
710 865 776 908 non
798 830 1006 942 invenerunti
1044 844 1076 913 5.
1104 843 1264 930 hamerici,

131 948 227 1014 ctiam
249 946 408 1030 sitibundi,
428 958 464 1020 at
486 945 588 1014 anima
612 971 723 1016 eorum
744 947 778 1015 in
800 948 875 1040 ipsis
895 947 1053 1018 deficeret.
1092 949 1123 1018 6.
1144 949 1188 1017 Et
1209 951 1267 1020 ela-

130 1063 299 1120 msverunt
319 1050 519 1120 adlehevam
535 1053 722 1146 insugustia
734 1055 805 1121 susc
827 1077 868 1122 ex
882 1053 1132 1124 tribulationibus
1152 1079 1266 1124 eorum
1382 1045 1385 1064 '

131 1157 249 1248 eripuit
269 1179 335 1225 eos.
381 1159 414 1226 7.
436 1157 479 1226 Et
501 1157 614 1227 direxit
634 1159 753 1227 cascia
774 1169 868 1244 recte,
888 1171 926 1227 ut
946 1161 1089 1228 venirent
1099 1162 1132 1230 in
1153 1162 1265 1230 urbem

131 1261 341 1332 habitationis.
391 1265 423 1332 8.
452 1261 620 1333 Celebrent
652 1288 760 1332 eoram
785 1263 902 1334 lebova
936 1265 1133 1335 clementiam
1165 1275 1265 1353 suain,

116 1368 283 1443 ,arirabilia
298 1363 373 1436 'eins
395 1393 502 1438 eoram
524 1367 595 1438 filiis
616 1369 799 1438 bominumr
825 1371 858 1438 9.
880 1371 962 1456 Quia
984 1373 1107 1444 satiavit
1127 1375 1264 1444 animam

130 1475 416 1570 concupiscentem,
438 1487 471 1544 et
491 1477 628 1544 animam
650 1473 824 1546 famelicam
845 1475 988 1568 implevit
1008 1479 1105 1548 bono.

212 1607 241 1666 1.
262 1605 415 1666 Uehdrnts.
455 1601 578 1665 Versum
597 1602 683 1679 bunc,
708 1605 776 1686 quie
794 1605 908 1666 initium
927 1604 1132 1700 er'et'proximi
1151 1606 1264 1687 psalmi,
1297 1560 1299 1571 l

130 1683 330 1764 exposuimus:
349 1689 380 1744 et
398 1689 510 1744 constat
527 1703 587 1744 nau
606 1684 700 1746 solum
723 1685 754 1746 in
779 1703 834 1745 usu
858 1684 1087 1766 irequenhssrmo
1111 1685 1198 1748 luisse
1217 1686 1264 1748 lu·

130 1763 218 1839 dacis,
237 1763 287 1822 sed
306 1764 346 1824 its
365 1761 427 1824 eliis
446 1761 561 1823 canticis
580 1763 740 1826 intercalari
759 1762 885 1839 solitum,
909 1771 944 1826 ut
966 1765 1035 1824 dum
1059 1763 1165 1826 chorus
1189 1784 1265 1826 nnus

130 1843 357 1924 prosequebatur
401 1841 522 1902 selmum
548 1841 685 1924 (aliquem,
715 1841 819 1904 cheren
843 1845 991 1925 oppositus
1016 1844 1129 1906 alternis
1155 1845 1264 1906 vicibus
1359 1861 1361 1868 ’

131 1925 298 1995 succineret,
316 1925 367 1984 cet
446 1923 628 1997 eletionem,
647 1931 719 2006 quta
737 1925 839 1998 Mnus,
858 1935 917 1993 etc.
949 1921 1057 1986 Trilam
1081 1943 1149 2005 ergo
1169 1931 1198 1984 et
1218 1944 1265 1986 cc-

132 2003 242 2064 lchrem
261 2003 429 2064 renuntiem
448 2001 584 2080 generalis
625 2004 742 2062 rooemii
761 2003 826 2062 loco
845 2002 892 2064 hic
915 2004 1012 2084 posuit
1030 2005 1095 2083 quis
1117 2006 1159 2064 uis
1178 2003 1265 2066 luerit

131 2089 241 2142 auctor.
270 2079 391 2176 ‘Deinde
410 2080 447 2176 ad
466 2082 573 2161 specics
605 2081 745 2176 .⁸⁸⁰¹.³¹.¹dst·
778 2079 817 2176 Et
829 2082 922 2176 prinmo
941 2081 1092 2220 adpetitu
1114 2085 1121 2098 '
1142 2082 1262 2180 embor-

132 2167 210 2220 tatur
230 2179 279 2239 qur
299 2180 335 2220 crs
354 2159 509 2239 longinqua
528 2167 558 2220 et
583 2159 689 2221 drlficrh
709 2168 948 2241 peregi-matrone,
973 2179 989 2220 a
1010 2181 1101 2242 eoque
1120 2182 1158 2222 ex
1177 2182 1263 2224 servr-

131 2245 243 2302 tute‘ct
263 2239 382 2300 vinculis
401 2243 519 2300 domum
537 2239 693 2301 incolumes
717 2240 822 2300 reversi
841 2247 917 2301 sunt.
957 2237 1040 2300 'l’ales
1062 2248 1160 2302 autem
1178 2249 1264 2305 vorat

133 2321 297 2400 redemptos
315 2321 383 2393 Det,
402 2321 469 2398 quia
490 2337 542 2398 per
561 2318 672 2380 deserta
692 2324 721 2378 et
740 2319 830 2378 invias
849 2309 1180 2400 solitudines'vagando‚
1200 2341 1263 2382 sas

131 2401 238 2538 ...sup
253 2397 1264 2556 ¹²⁶“t.ttltttt⁰t.ltllttttttttttt.”tttlttt

132 2499 325 2639 :hdlqniprrhl
338 2499 573 2638 hosffli'impenll
594 2558 641 2618 vel
666 2560 719 2618 alia
744 2489 780 2652 lli
798 2563 827 2616 et
851 2559 1017 2652 necessitate
1041 2559 1071 2620 iu
1093 2500 1266 2639 longinlphas

132 2638 540 2780 tttttdttt'fftt
556 2637 1263 2780 ttt‘ttttttttlttlttttt’lt

133 2738 269 2872 thlluhbn
284 2739 357 2862 lan
382 2759 468 2860 luissd
487 2740 619 2869 laetalus,
639 2761 696 2870 rlec
708 2797 827 2858 'temere
846 2738 935 2856 luam
959 2798 989 2856 in
1013 2798 1133 2878 patriam
1157 2739 1263 2865 alethe

133 2897 205 2951 csse,
224 2877 274 2938 sed
298 2897 397 2938 eorum
421 2895 533 2938 errares
556 2874 728 2957 gubernatus
750 2876 838 2938 luisse
855 2875 913 2936 Dei
936 2875 1121 2957 providentia.
1161 2875 1264 2940 Posset

132 2957 388 3018 sutemsecnndur
408 2956 563 3018 hieversus
582 2975 648 3016 cum
668 2957 761 3036 primo
771 2957 901 3017 contexi:
920 2957 979 3018 acsi
992 2947 1264 3038 iuberetPropheth,

122 3033 1263 3180 ·‘¹“t.lttt;¹ltttltt⁰ttt⁸ltrl⁰lttl⁰ttr.ttt.t⁰⁰tlt*tt:

132 3136 223 3260 llhn
242 3139 539 3278 postliminiogrevrlrsi
560 3200 635 3271 sunt,
652 3157 797 3336 prhdmnt
815 3136 990 3270 irlrnedium
1009 3136 1264 3336 etluseipiautlpsi

133 3295 201 3338 suas
221 3283 315 3357 partes
334 3278 363 3336 in
384 3275 516 3336 canendis
530 3274 585 3336 Dei
603 3275 650 3336 lsu
672 3275 743 3348 hus,
763 3293 797 3334 ac
815 3281 948 3336 enarrent
967 3293 1055 3354 quem
1073 3275 1103 3336 ia
1122 3294 1174 3339 sua
1193 3274 1212 3336 li
1233 3295 1264 3336 e·

133 3359 243 3418 ratione
265 3355 375 3436 experti
398 3361 467 3416 sunt
491 3353 547 3414 Ilei
572 3356 699 3435 gratiam.
737 3353 800 3414 Etsi
824 3359 920 3416 sutem
946 3353 975 3413 id
994 3351 1103 3414 ludaeis
1122 3354 1183 3416 lere
1201 3375 1263 3416 om·

134 3435 218 3496 nibus
237 3434 471 3508 commeminit,
494 3433 597 3516 quihus
616 3433 785 3514 longinquas
804 3433 994 3512 protectiones
1013 3433 1155 3513 suscipere
1174 3435 1263 3496 conti·

133 3521 228 3598 geret:
289 3517 438 3576 interram
457 3533 539 3574 suam
559 3513 654 3594 egredi
678 3514 729 3574 vix
748 3517 879 3594 poterant
899 3513 969 3592 quin
989 3511 1114 3592 undique
1133 3531 1262 3580 occurre

133 3601 198 3656 rent
221 3611 259 3654 ve
297 3612 414 3674 esperse
445 3595 509 3654 viae
533 3613 569 3654 ec
592 3591 730 3667 difficiles,
748 3591 906 3672 plenaeque
925 3591 1009 3651 variis
1029 3592 1173 3673 periculis:
1193 3589 1266 3653 bsee

133 3681 229 3736 temen
248 3673 376 3737 doctriua
394 3675 555 3754 prorniscue
575 3673 653 3754 pitet
671 3671 708 3733 ad
727 3677 820 3734 totum
840 3689 928 3751 genus
947 3669 1114 3733 humanum.
1141 3669 1265 3732 Reducit

134 3762 229 3817 sutem
248 3753 304 3818 illis
322 3755 352 3818 tn
371 3755 539 3814 memoriane
558 3771 748 3834 quamsaepe
767 3769 785 3812 a
804 3757 883 3812 reeta
902 3751 1002 3812 itinere
1016 3749 1130 3814 abducti
1138 3750 1264 3832 hospitio

133 3835 290 3894 caruerint:
311 3833 396 3913 ,qued
417 3833 585 3912 frequenter
610 3832 749 3911 contingit
771 3831 801 3891 in
821 3829 892 3890 locis
916 3831 1039 3906 incultis,
1067 3832 1126 3891 imo
1150 3832 1175 3890 si
1198 3830 1263 3910 quis

133 3915 235 3974 silvam
258 3913 430 3992 ingreditur,
458 3913 513 3974 nisi
561 3913 648 3974 esitus
668 3911 848 3984 sititineris,
876 3913 981 3990 poterit
1003 3910 1125 3972 errando
1144 3907 1264 3970 subinde

132 3991 238 4074 praeda
262 4005 324 4052 esse
346 3993 461 4052 leonum
485 4009 520 4052 uc
541 3933 685 4074 luporum,
714 3989 766 4054 sed
785 3989 969 4130 peculiariter
987 4009 1038 4050 ees
1061 3991 1189 4068 designat
1212 3989 1264 4067 qul
1360 3990 1365 4003 '

133 4071 301 4152 deprehensi
320 4074 350 4133 iu
369 4071 439 4131 locis
459 4071 591 4144 donus,
615 4074 700 4132 ctiam
724 4068 762 4130 oh
797 4088 890 4131 smsrn
910 4076 940 4131 et
958 4071 1034 4136 siun
1055 4069 1089 4130 de
1109 4069 1167 4127 vita
1187 4067 1262 4147 peri·

132 4152 276 4212 obtentur.
316 4151 437 4213 Certum
456 4152 531 4210 eninr
550 4157 608 4224 est,
633 4150 704 4211 tales
724 4149 793 4228 (nisi
812 4146 955 4210 Dominus
974 4147 1131 4226 succurrat)
1152 4153 1263 4210 tantum

131 4233 218 4293 nnius
237 4231 324 4292 horae
343 4231 436 4309 spatio
455 4246 473 4289 u
491 4236 583 4290 morte
602 4229 713 4292 distare.

212 4311 242 4373 6.
262 4313 479 4372 &emamanu-
517 4307 612 4370 Verhs
635 4309 778 4390 praeteriti
803 4309 954 4389 iesuperu,
977 4307 1144 4366 contlnmm
1167 4311 1264 4368 actum

131 4388 180 4454 bic
197 4396 361 4467 uehutut
379 4390 537 4470 loquuntur
554 4389 740 4472 gemmetici.
775 4386 884 4452 Sensus
904 4395 949 4452 est
967 4387 1067 4469 tritara
1087 4383 1147 4468 Qui
1166 4390 1264 4450 emant

1398 297 1406 330 Ι
