2884 4886
543 291 856 336 cursuumcx.
927 272 937 282 ⁴
1211 291 1266 350 235

131 440 193 484 non
212 425 350 482 venturos
369 419 419 498 qui
439 435 471 479 se
490 415 605 480 Christo
623 415 785 493 subiiciunt,
804 416 885 498 quasi
903 416 933 478 in
952 421 1135 499 emuputun
1154 416 1267 497 prelnui

132 501 238 582 Regis,
266 498 315 558 sed
336 497 392 558 Dei
416 497 518 579 ipsius:
548 503 635 577 atque
658 494 736 574 bupc
754 515 873 578 scopum
891 495 1022 558 omnibus
1042 497 1117 568 lore,
1148 504 1181 556 ut
1200 495 1265 558 Deo

134 582 247 644 cultum
265 576 425 638 exhibeant
464 579 516 637 Ec
537 587 622 638 utero
641 577 679 637 ed
697 597 821 638 curm
849 573 981 657 Singulas
999 575 1085 636 huius
1103 575 1161 636 loci
1179 577 1265 636 inter·

157 661 311 721 retetiones
330 657 435 718 reicere
454 655 525 716 nihil
544 658 656 718 attinet:
675 657 742 736 quia
761 655 811 716 ubi
829 673 927 716 νιιιιιι
945 661 976 716 et
994 657 1147 736 gmuiuam
1165 663 1265 736 protu-

132 681 212 814 lero,
236 740 265 800 in
284 737 346 798 eliis
364 736 519 796 refutandis
538 736 659 796 multum
678 753 782 816 operae
799 754 913 796 sumere
931 737 1064 796 nouerit
1081 754 1099 794 o
1121 754 1163 794 us.
1202 732 1272 815 Ego
1310 763 1319 778 ν

133 825 212 882 certe
230 835 288 878 uon
308 815 406 876 dubito
426 817 496 895 quin
515 813 628 876 bicDei
646 814 868 876 benedictionem
886 816 918 874 iu
937 814 1067 896 augendo
1113 813 1194 874 bristi
1213 835 1264 896 pu·

132 899 206 980 pulo
225 893 348 956 celebret
366 893 474 956 David:
494 893 615 975 ideoque
634 892 796 976 pueritiam,
816 893 863 955 vel
881 893 1009 954 sobolem
1029 910 1102 974 quae
1121 899 1263 970 nascetur,

124 987 200 1040 eoru
218 981 377 1056 comparat:
407 975 474 1054 quia
492 981 600 1034 crescet
617 980 730 1056 praeter
749 973 922 1036 ordinarium
941 973 1069 1034 modurn.
1088 971 1265 1036 Sicutienim

134 1059 277 1118 mirantur
305 1073 404 1116 omues
433 1060 538 1114 terrum
561 1053 696 1133 irriguam
714 1071 790 1126 ease,
816 1073 909 1133 quum
927 1059 1024 1114 tumen
1043 1051 1174 1113 delluxns
1193 1054 1266 1114 roris

133 1157 194 1197 non
214 1140 362 1214 appareat,
388 1132 439 1193 sed
458 1133 537 1192 sallat
555 1133 743 1213 spectantium
763 1132 876 1192 oculos:
900 1134 939 1193 ita
962 1129 1058 1192 David
1077 1128 1204 1194 sobolem
1223 1133 1265 1194 in·

134 1214 261 1276 credibili
281 1231 400 1274 numero
419 1214 588 1272 nasciturum
600 1210 714 1272 Christo
728 1210 805 1286 dicii,
825 1229 898 1292 quae
916 1218 1007 1272 totum
1026 1216 1130 1285 terrum
1145 1212 1266 1292 operiat.

134 1299 202 1356 Itos
221 1313 289 1374 ergo
304 1300 453 1374 pueritiae
472 1298 592 1352 vocatur
609 1293 743 1352 iuventus
762 1292 832 1372 ipsa,
852 1309 935 1370 quae,
954 1291 1139 1366 instaurans,
1158 1291 1266 1354 maiore

134 1375 217 1454 copia
236 1373 335 1432 dclluit
354 1389 439 1452 quum
459 1377 492 1430 nt
511 1371 654 1432 numerari
671 1377 768 1450 queat.
788 1368 862 1430 Nam
872 1343 984 1442 milii
1014 1376 1058 1430 cst
1080 1389 1185 1430 nomen
1205 1369 1266 1437 cul·

135 1455 281 1514 lectirurn.
300 1450 399 1531 Siquis
413 1450 569 1512 distinctius
589 1449 694 1510 bebere
711 1451 782 1510 velit
800 1467 915 1510 sensum
934 1447 1101 1523 verborum,
1119 1451 1159 1511 ita
1177 1451 1266 1511 reeul-

133 1539 208 1606 vat„
226 1529 272 1591 Ex
297 1537 379 1590 utero
404 1529 667 1612 proditorenuesae
691 1530 868 1590 innumerum
888 1526 1030 1602 sobolem,
1059 1528 1142 1590 sicuti
1160 1547 1209 1590 ros
1226 1529 1265 1590 ub

119 1615 237 1674 ''umora
256 1609 381 1670 distillat.
421 1607 514 1669 Pori-u
533 1608 667 1669 boc-nou
686 1616 792 1670 temere
811 1609 898 1668 inisse
913 1608 1097 1688 praedictum,
1117 1609 1264 1686 experien-

132 1693 174 1752 tia
198 1689 335 1752 ostendit:
361 1689 428 1770 quia
452 1687 615 1749 incredibile
638 1695 701 1750 eret
724 1695 832 1749 tantam
851 1687 1062 1748 multitudinem
1081 1685 1133 1750 sub
1154 1687 1262 1749 Christi

132 1769 740 1928 {ttttmt't‘tttttttttttt
755 1763 1266 1928 tltatdt‘tttltt‘tt

133 1929 192 1990 'ceri
215 1891 265 1989 ex,
280 1935 362 1988 utero
387 1925 567 2008 progenitos,
597 1927 648 2006 qui
672 1922 752 1988 senes
772 1927 819 1986 vel
838 1932 990 2008 provectae
1009 1927 1108 1987 aetatis
1126 1927 1163 1986 ad
1183 1925 1267 1988 Clui-

132 2013 211 2068 atum
229 2008 359 2066 conversi
378 2013 455 2079 sunt,
474 2006 577 2064 mirum
597 2023 656 2066 non
675 2013 732 2064 est:
752 2005 818 2084 quia
837 2005 990 2086 spiritualis
1009 2008 1183 2083 regeneratio
1203 2009 1267 2088 pios

135 2105 236 2146 omnes
255 2085 449 2180 similea'lucit
467 2082 630 2177 insentibus,
649 2085 722 2178 sicut
741 2083 844 2178 Petrps
864 2084 955 2157 docet,
976 2081 1092 2144 1;Petr.
1112 2091 1141 2160 2,
1161 2090 1189 2146 2.
1213 2084 1267 2146 Sic

133 2160 1267 2321 :tt‘tlt‘ttttttltlt?tilttttddtttttdtttttttd

135 2321 172 2380 de
196 2323 305 2382 ratione
323 2321 455 2380 nominis.
495 2318 581 2380 Certe
599 2339 637 2380 ex
656 2319 867 2393 mundilam,
888 2339 963 2398 quae
983 2327 1093 2382 tautum
1113 2321 1187 2384 filios
1206 2324 1265 2384 irae

134 2402 270 2474 continet,
288 2417 440 2460 numerum
460 2397 585 2478 aliquem
604 2399 670 2459 lieet
688 2401 825 2480 exiguum
844 2397 964 2480 colligit,
987 2401 1154 2462 miraculum
1175 2409 1264 2464 meet:

135 2479 242 2560 duplex
262 2498 332 2538 vcro
351 2477 519 2538 miraculum
539 2484 597 2553 est,
621 2479 788 2540 immensum
807 2478 867 2538 lere
885 2477 1035 2540 homiuum
1053 2481 1265 2556 multitudinem

131 2558 238 2620 Christi
248 2555 357 2639 Spiritu
372 2565 401 2617 et
409 2555 565 2636 Evangelio
584 2577 646 2618 esse
666 2561 829 2638 regentium.
848 2556 907 2618 Sed
926 2561 1146 2635 meminerimus,
1165 2559 1264 2628 Deum

130 2637 189 2698 boc
207 2637 316 2698 bonore
335 2637 443 2717 dignari
462 2637 567 2697 clectus
586 2656 663 2712 suos,
684 2646 717 2697 ut
735 2639 842 2698 alacres
861 2637 898 2698 ud
916 2639 993 2700 iussa
1012 2639 1184 2720 capescenda
1196 2660 1263 2702 con·
1304 2705 1309 2720 ⁸
1354 2667 1357 2675 ι

133 2724 258 2790 current,
278 2717 397 2796 soloque
416 2724 487 2776 nutu
506 2721 650 2797 regantur.
669 2713 770 2798 Neque
788 2719 863 2778 enim
883 2737 936 2800 pro
955 2720 1013 2778 suis
1032 2727 1165 2798 agnoscet
1181 2719 1265 2780 Chri-

131 2803 193 2858 slus
221 2797 275 2856 uisi
305 2799 354 2875 qui
378 2794 497 2858 libenter
520 2796 618 2876 iugum
643 2796 792 2870 subibunt,
820 2802 850 2856 et
868 2801 948 2878 signo
967 2797 1035 2857 dato
1055 2799 1154 2860 sistent
1177 2820 1209 2860 se
1232 2801 1264 2862 in
1369 2835 1371 2840 ·

131 2877 193 2936 eius
217 2883 411 2970 conspectum:
432 2874 491 2970 laun
512 2893 549 2935 ne
564 2877 633 3016 :puis
653 2895 684 2936 se
703 2877 870 2972 delupcturu
890 2883 972 2957 putet
990 2877 1097 2938 cculuri
1114 2880 1264 2960 obsequie,

130 2954 558 3112 fflllidib‘l'ddbl
593 2963 706 3116 illuit
715 2955 1261 3118 ilfldtttttffittltttt

219 3251 251 3320 4.
272 3249 535 3338 luravitlelrova,
556 3263 588 3324 et
608 3278 675 3324 non
697 3253 870 3347 poenitebit
891 3279 976 3340 eum,
997 3257 1050 3326 Tu
1072 3259 1263 3328 essecerdoe

21 3457 26 3464 Ι
131 3358 164 3425 in
187 3348 329 3467 Quium
351 3359 525 3432 secundum
552 3363 706 3429 rationem
727 3359 946 3436 Melchisedec.
1083 3349 1085 3356 Α

210 3521 239 3583 4.
258 3519 366 3582 Versus
389 3521 436 3582 hic
460 3521 528 3584 setis
547 3523 652 3583 evincit
670 3541 728 3583 non
749 3521 784 3582 de
803 3523 860 3584 alio
874 3524 1015 3604 quopiam
1036 3523 1133 3586 baberi
1153 3544 1259 3587 sermo·

130 3619 196 3664 nem
216 3619 302 3680 quam
323 3602 359 3662 ds
378 3601 503 3663 Christo.
544 3601 617 3662 Nam
637 3603 714 3683 quod
733 3601 838 3678 ludaei,
859 3609 891 3664 ot
910 3605 1076 3666 vaticinium
1096 3603 1259 3679 obscurent,
1299 3647 1301 3650 -

142 3711 149 3747 ι
171 3683 212 3748 D
230 3687 346 3740 venunt
364 3680 539 3762 Principem:
558 3683 641 3743 nimis
661 3683 782 3743 dilutum
802 3688 855 3761 eet,
875 3681 1004 3763 adeoque
1022 3683 1165 3746 frivolum.
1205 3685 1259 3746 Fa·

160 3775 194 3814 or
212 3759 329 3828 nim
350 3761 447 3820 vocari
466 3779 606 3838 proceres,
625 3763 671 3822 rel
691 3763 741 3842 qui
760 3766 827 3822 sunt
845 3781 883 3822 ex
902 3764 1071 3846 cognatione
1091 3767 1182 3846 regia,
1207 3764 1257 3826 sed

130 3834 199 3913 quid
219 3836 341 3932 dignum
364 3840 428 3919 ipso
449 3839 565 3937 §bristo
583 3841 719 3938 loquutus
739 3847 814 3938 epret
833 3839 943 3938 David,
968 3845 1092 3940 properis
1111 3846 1195 3940 titulo
1216 3847 1262 3926 ip·.

127 3931 471 4078 :tlvltttfftluttt
484 3919 1257 4083 tlt‘tttllrttittiirlttltttldgt

127 4091 187 4132 non
212 4073 331 4136 dubium
355 4083 399 4136 est
417 4079 487 4156 quin
506 4078 646 4157 singulare
665 4079 770 4161 aliquid
790 4080 917 4162 designet
936 4081 1075 4164 Spiritus,
1104 4081 1182 4162 quod
1201 4083 1257 4144 Re·

126 4170 193 4229 gem
217 4151 295 4214 bunc
318 4155 458 4220 discernat
481 4175 516 4216 ac
540 4163 652 4252 ecparet
668 4160 704 4219 ab
724 4160 784 4220 aliis
804 4159 944 4221 omnibus.
983 4161 1075 4224 Porro
1094 4170 1194 4226 notum
1213 4170 1257 4226 est
1297 4215 1304 4227 .

126 4230 252 4312 elogium
271 4254 330 4314 quo
351 4243 468 4296 ornatur
477 4235 663 4300 Melchisedec
682 4257 698 4298 ι
720 4237 758 4299 ud
777 4239 877 4300 Mosen
898 4239 1033 4303 Genecl
1085 4245 1133 4306 18.
1153 4241 1257 4308 Fateor

126 4311 243 4390 quidem
272 4314 343 4374 clim
363 4317 457 4376 etiam
482 4317 512 4376 in
555 4316 661 4378 cuiauis
748 4317 872 4380 tibusll
961 4321 1118 4393 sacerdotio
1142 4321 1256 4384 lunum

125 4409 202 4454 eree:
230 4391 281 4454 sed
306 4395 373 4476 quia
400 4395 513 4457 unicum
533 4337 629 4458 licum
648 4399 702 4460 rite
719 4397 830 4460 colebat
847 4337 1045 4479 ufficone,
1065 4409 1184 4466 vocatur
1202 4401 1255 4468 Sar
