2884 4886
510 319 840 390 leSAthst
1183 323 1259 382 309

99 439 188 502 iuiesb
208 445 332 520 gustum.
366 437 517 500 canebant
533 439 586 500 sub
605 439 725 522 Papatn,
750 443 833 520 sicuti
852 441 936 504 hodie
955 442 1072 518 faciunt,
1091 441 1237 506 Psalmom

100 521 179 580 hune
198 519 229 580 in
248 518 378 598 templis:
396 519 447 579 aed
468 539 507 578 arr
526 522 695 582 centesimus
716 523 836 602 quisque
856 521 999 602 expendit,
1019 521 1123 596 Deum,
1143 526 1236 584 omnia

72 607 75 613 '
100 599 186 660 nobie
212 597 466 678 largiendn,.nibil
485 599 538 659 sibi
564 607 677 680 praeter
697 602 849 680 gratiarum
875 603 1013 661 actionem
1033 602 1177 662 residuum
1196 603 1235 662 ia·
1303 619 1308 638 ¹

50 751 57 760 ,
99 678 189 738 nere?
209 676 310 758 Neque
328 678 358 736 in
378 695 414 736 eo
433 685 544 738 tantum
569 697 601 738 se
623 680 718 760 prodit
740 680 840 740 mundi
858 681 1038 760 ingratitudo,
1059 680 1108 740 sed
1126 680 1237 741 foedius

99 758 137 818 ad
158 775 282 817 massam
302 762 331 816 et
349 757 435 818 nimis
453 758 614 838 pudendam
641 757 843 839 blasphemiam
863 760 950 840 vulgo
969 779 1084 840 prorum
1122 779 1154 820 re
1174 759 1240 820 ausi

100 843 171 896 sunt
198 835 300 916 perditi
319 835 484 910 nebulones,
514 837 617 916 quibus
642 837 691 898 bie
715 857 813 898 versus
840 838 928 900 iocosi
952 838 1060 900 dieterii
1100 859 1152 899 oeo
1172 839 1236 912 luit,

102 935 196 996 quum
215 914 311 974 Deum
331 917 361 974 in
381 916 463 976 coelo
483 916 607 976 deliciari
626 916 759 992 dicerent,
779 937 832 977 nee
851 937 952 979 curare
968 935 1019 978 res'
1033 918 1178 978 humanas.
1198 917 1237 978 Et
1339 927 1341 932 ’

101 1005 197 1076 quum
215 993 360 1074 Propheta
390 993 438 1054 hic
457 995 560 1056 diserte
590 999 739 1077 exprimat,
769 995 833 1057 Deo
862 1017 922 1058 non
945 997 999 1057 alia
1028 999 1057 1056 in
1083 1017 1114 1057 re
1139 999 1235 1058 utilem
1321 1017 1323 1022 ·

101 1093 166 1134 esse
185 1075 324 1134 mundum
344 1074 398 1134 nisi
417 1080 450 1134 ul
469 1081 603 1156 paternae
622 1096 688 1155 erga
700 1075 828 1136 homines
847 1079 907 1138 eius
920 1077 1103 1158 pollicitudini
1122 1078 1235 1152 serviat,

99 1153 191 1214 verba
211 1153 373 1234 Prophetae
391 1153 421 1212 in
442 1153 594 1213 ludibrium
603 1161 746 1214 torserunt
766 1157 912 1236 parcitati
932 1161 960 1215 et
980 1175 1072 1226 canes,
1093 1157 1150 1216 aesi
1170 1176 1234 1236 pro·
1312 1180 1315 1188 ⁴

100 1241 168 1314 pter
187 1233 302 1312 longam
323 1233 485 1292 distantiam
509 1233 639 1294 homines
664 1255 723 1295 non
750 1236 908 1316 respiceret.
949 1233 1046 1316 Cogor
1064 1235 1111 1294 hic
1129 1235 1234 1295 memo·

101 1312 222 1372 rabilem
241 1313 386 1372 historiam
407 1313 519 1372 reterre.
560 1313 672 1374 Accidit
696 1313 778 1374 nobis
801 1317 831 1374 in
852 1314 1007 1374 diversorio
1028 1314 1152 1395 quodam
1172 1333 1234 1374 eoe-

101 1391 245 1466 nantibus,
255 1399 288 1452 ut
297 1390 689 1474 profanuslleieontemptor
698 1413 840 1454 sermones
849 1401 963 1453 nostros
982 1394 1017 1454 de
1037 1414 1087 1474 spe
1107 1394 1236 1456 eoelestis
1263 1433 1270 1446 κ

101 1473 180 1532 vitae
206 1471 351 1545 deridens,
375 1470 495 1532 subinde
518 1471 671 1533 ludibrium
696 1471 752 1532 hoe
771 1479 924 1543 evomeret,
945 1472 1064 1532 Coelnm
1085 1475 1155 1532 coeli
1175 1472 1234 1534 Do·

101 1553 191 1626 mino,
218 1551 277 1612 illie
304 1557 423 1632 repento
451 1558 598 1633 correptus
618 1552 684 1612 diris
708 1551 877 1612 torminibus
907 1553 1002 1632 caepit
1025 1551 1231 1626 vocilerari,0

104 1630 196 1706 Deus,
216 1629 244 1690 0
264 1629 354 1701 Deus,
373 1636 460 1710 atque
480 1638 514 1690 ut
532 1639 592 1692 erat
611 1633 710 1712 patulo
724 1639 848 1712 gutture,
867 1630 955 1691 boatu
975 1651 1027 1691 suo
1046 1631 1173 1714 replebat
1191 1637 1234 1691 te·

103 1718 168 1772 aum
197 1711 391 1772 macutum.
438 1708 501 1788 Ego
532 1711 581 1789 qui
605 1712 635 1806 ip
659 1729 725 1771 eum
749 1730 847 1771 serere
871 1711 1094 1806 excandueram,
1123 1710 1236 1806 perrexi

104 1809 182 1930 mii,
195 1787 494 1934 millimihi
515 1789 1164 1950 l?'tlttthlt'httlitttt‘l'tssltt‘:
1183 1809 1236 1942 'tt

103 1891 193 2088 isra
216 1947 1236 2108 seh„sirit“restruaturariarathiae

106 2107 210 2168 oblitus
230 2109 279 2166 es'l
297 2125 350 2168 eur
369 2127 427 2168 non
447 2109 476 2168 in
496 2127 548 2168 suo
569 2108 650 2168 coelo
669 2109 737 2167 sinis
757 2109 918 2186 quiescere?
936 2105 974 2165 Et
993 2111 1104 2187 quoties
1123 2107 1170 2165 ille
1189 2113 1235 2165 to·

104 2187 201 2262 nabat,
221 2185 248 2246 0
270 2185 365 2261 Deris,
386 2187 433 2246 hie
456 2187 527 2246 alter
551 2185 725 2246 subsannans
751 2185 905 2266 regerebat,
928 2185 983 2246 Ubi
1003 2205 1080 2245 nunc
1104 2192 1147 2244 est
1165 2185 1234 2244 illud

107 2273 200 2340 tuom,
219 2265 340 2326 coelum
360 2269 431 2327 coeli
453 2265 597 2326 Domino?
616 2268 739 2326 Aetune
780 2267 873 2325 uidem
893 2265 1003 2326 levatus
1022 2272 1076 2326 eat:
1096 2263 1233 2345 sedquod

106 2345 251 2428 reliquum
271 2345 324 2406 suit
343 2347 427 2419 vilae,
447 2348 477 2406 in
498 2348 556 2406 suis
574 2346 692 2426 impuris
713 2287 842 2405 sordibus
861 2351 954 2405 tranae
973 2345 1004 2404 it.

186 2426 234 2487 17.
253 2427 327 2486 Noas
349 2435 468 2517 morlai,
487 2432 557 2486 eret
579 2424 634 2485 Hie
658 2425 731 2485 ultra
757 2425 935 2505 progreditur
953 2365 1106 2518 Propheta,
1126 2420 1234 2517 Deum·

105 2501 1236 2662 :ttlathi:lllilith„hitthlth‘gsdtlltrtollit

104 2663 193 2725 mode
213 2664 343 2724 fruantur
365 2666 427 2725 eius
448 2664 640 2738 beneficentia,
661 2661 834 2726 sed‘uomen
853 2665 937 2722 etlam
958 2663 1091 2720 invocent
1111 2680 1145 2721 ac
1164 2659 1233 2720 cele·

104 2743 197 2804 brent.
242 2741 396 2824 Postquam
422 2747 496 2805 enim
520 2745 692 2826 peculiarem
716 2763 783 2823 ergo
802 2742 941 2803 lsradlitas
965 2737 1019 2800 Dei
1049 2741 1177 2822 gratiam,
1203 2745 1234 2798 et

105 2823 210 2884 deindo
228 2823 441 2885 beneficentiam
467 2843 523 2904 qua
544 2825 723 2904 prosequitur
741 2830 835 2882 totum
853 2841 943 2901 genus
962 2819 1120 2893 hominum,
1138 2817 1233 2880 lauda·

105 2905 158 2964 vit·
173 2902 330 2985 Propheta:
359 2923 437 2964 nune
466 2905 502 2962 ad
526 2901 582 2963 Dei
607 2902 827 2964 misericordiam
851 2900 988 2980 confugit,
1016 2906 1049 2958 ut
1072 2897 1172 2980 populi
1191 2897 1235 2956 sui

107 2985 233 3066 peccatis
255 2985 390 3062 ignoscat.
430 2981 526 3045 Sumit
549 2989 644 3042 autem
668 2983 837 3064 principium
862 2980 947 3054 illud,
977 2959 1077 3058 Quum
1097 2977 1237 3117 profanae

128 3070 207 3123 entes
225 3081 257 3121 se
275 3063 448 3143 ingurgrlent
466 3061 521 3121 Dei
541 3060 691 3136 benefieiis,
711 3061 805 3121 solum
825 3080 913 3142 genua
928 3059 1059 3121 Abrabae
1078 3077 1093 3116 a

78 3131 94 3142 ’
107 3083 159 3202 ias
178 3142 239 3202 eius
258 3141 355 3202 laudes
380 3161 442 3202 esse
465 3141 599 3215 electum,
624 3141 682 3201 aesi
702 3141 816 3214 diceret,
840 3139 963 3200 Domine
983 3139 1051 3220 quid
1071 3137 1164 3199 fiet-si
1183 3155 1236 3196 noo
1285 3187 1290 3200 ,

147 3222 201 3281 rire
220 3221 304 3294 sinas,
323 3221 377 3280 nisi
396 3227 429 3280 ut
447 3240 553 3281 nomen
574 3228 654 3282 tuum
664 3219 810 3280 nobiseum
821 3221 978 3281 extinctum
988 3217 1159 3298 repellatur?
1178 3215 1237 3276 Sed

107 3241 156 3360 bie
179 3303 306 3362 exoritur
328 3301 469 3380 quaestio:
500 3302 566 3382 quia
590 3300 702 3360 videtur
725 3301 838 3379 privare
861 3317 945 3357 sensu
974 3315 1073 3356 omnes
1098 3301 1236 3368 mortuos,

108 3381 189 3460 atqui
214 3381 238 3439 si
262 3381 371 3440 animae
395 3399 433 3441 ex
457 3399 611 3461 corporum
635 3379 784 3458 ergastulis
809 3395 947 3458 egressae,
977 3381 1044 3434 aunt
1062 3376 1237 3454 superstites,

108 3460 231 3520 alacrius
248 3467 316 3519 tuno
335 3477 385 3518 eas
403 3461 499 3537 vigere
518 3466 626 3520 eertum
645 3463 697 3530 est,
717 3458 793 3517 unde
811 3456 948 3535 sequitur,
969 3453 1063 3514 Deum
1082 3471 1099 3512 a
1118 3452 1238 3512 mortuis

109 3558 226 3619 quoque
244 3539 361 3599 laudari.
390 3537 474 3600 Adde
494 3540 571 3620 quod
587 3538 760 3602 domicilium
769 3535 930 3596 hominibus
949 3535 978 3594 in
990 3541 1063 3593 terra
1084 3533 1238 3610 assignans,
1302 3584 1308 3598 ,

109 3621 151 3678 ita
169 3620 247 3698 ipsos
266 3637 283 3677 a
303 3616 367 3679 Deo
387 3626 500 3699 separat
520 3625 552 3678 ut
571 3635 751 3677 communem
775 3622 886 3677 tanturn
910 3633 975 3672 eum
1001 3611 1091 3671 brutis
1111 3611 1239 3670 animali-

108 3696 163 3758 boa
186 3697 326 3777 relinquat
349 3699 446 3759 vitam.
487 3695 588 3779 Neque
611 3699 687 3756 enim
711 3696 780 3756 solis
805 3695 966 3756 hominibus
991 3693 1056 3752 data
1087 3698 1130 3751 est
1152 3697 1237 3764 terra,
1275 3758 1279 3772 ,

109 3777 160 3836 aed
180 3775 284 3840 bobus·
311 3797 413 3858 noque,
454 3779 537 3851 oreis,
556 3785 586 3838 et
605 3770 730 3848 canibus,
748 3775 877 3836 leonibus
895 3781 924 3833 et
941 3775 1021 3846 ursis,
1040 3773 1098 3830 imo
1119 3777 1148 3830 et
1167 3771 1237 3830 inse

110 3857 164 3916 ctis
183 3855 304 3936 quibusli
324 3865 363 3929 et,
382 3799 453 3918 uulf

1134 3077 1235 3117 canem
1360 3105 1371 3124 ,

444 3877 460 3917 a
480 3859 555 3918 enim
576 3874 675 3917 musea
694 3862 746 3929 est,
769 3855 865 3914 nultus
888 3853 1036 3933 pediculos
1056 3853 1103 3910 cui
1123 3849 1238 3910 domici·
1330 3865 1334 3884 ·

109 3935 181 3996 llum
200 3955 258 3996 uon
278 3935 413 4016 praebeat
431 3945 515 3998 terra.
553 3935 668 3997 Primae
687 3931 956 4015 quaestionislacilis
975 3937 1019 3991 est
1034 3930 1151 3990 solutio:
1212 3927 1238 3986 ia
1342 3930 1345 3942 ’

109 4016 139 4075 in
160 4021 235 4076 terra
255 4015 319 4076 idco
339 4016 424 4076 locati
445 4022 513 4076 sunt
531 4015 670 4090 homines,
695 4021 728 4075 nt
747 4033 806 4072 uno
825 4012 906 4093 quasi
926 4029 976 4070 ore
995 4011 1068 4068 inter
1087 4011 1163 4088 ipsos
1214 4007 1240 4066 ci

109 4093 208 4154 londos
228 4102 389 4175 personent.
432 4093 479 4156 Ad
504 4092 579 4157 haue
601 4093 802 4173 symphoniam
832 4092 957 4172 respexit
975 4086 1129 4166 Propheta,
1158 4084 1240 4146 sicuti
1317 4147 1322 4153 ,

107 4180 140 4234 et
159 4173 310 4314 Scriptum
326 4175 388 4269 aliis
407 4173 535 4255 pluribus
554 4174 634 4251 locis,
660 4171 725 4268 Nqn
744 4173 859 4266 morlap,
878 4169 928 4231 sed
940 4169 1101 4264 'vivam„et
1121 4162 1259 4256 narrabo·
1287 4235 1291 4248 .

109 4271 350 4396 rumor
369 4251 635 4392 latrastis
656 4251 894 4391 tartha
915 4267 982 4386 trr
1006 4243 1242 4384 aititur

110 4349 294 4492 masaia.
315 4373 505 4474 eventreoct'i
525 4353 863 4489 eiectos,plmmolabo,et
881 4413 950 4468 vota
969 4403 1085 4466 reddam
1106 4399 1200 4464 Domi·
