2862 4888
372 338 373 346 ,
480 319 850 362 incensorum.
1198 289 1256 378 tlt¹

98 441 290 524 praestantior
304 448 356 500 est.
382 439 462 519 Quid
475 447 572 503 antem
592 437 694 505 obstat*
706 423 857 524 quomirius
876 443 982 526 pariter
1001 446 1131 530 ompium
1150 447 1236 510 corda
1292 451 1299 468 '

96 526 190 583 flectat
208 519 290 580 Deus
304 539 338 581 ac
353 519 457 581 formet
474 523 505 581 in
526 521 713 602 obsequium?
731 521 787 584 Hic
805 542 874 602 ergo
895 523 1013 595 tenenda
1034 531 1079 584 ast
1098 525 1237 588 modestia

97 622 130 662 no
148 599 298 672 sobrietas,
317 618 355 661 ue
373 599 404 660 iu
425 619 561 666 arcanum
581 605 642 662 eius
661 601 796 662 indicium
831 623 994 684 errnmpere
1011 611 1165 666 tentemur:
1186 608 1236 666 sod
1262 605 1266 616 “

97 681 180 743 nobis
201 679 324 742 sufficiat
334 679 466 742 voluntas
486 681 614 742 inverho
636 681 802 762 patefacta„
852 703 917 744 rum
936 685 1010 744 enim
1031 683 1237 748 salutemvcllo
1345 709 1348 726 ·

96 755 202 823 meriti
223 766 356 820 nemetur
375 757 411 819 ad
432 779 505 839 quos
526 761 656 844 dirigitur
675 781 734 823 vox
752 759 817 833 ista,
837 759 908 823 lesa.
928 767 976 842 21.
997 767 1044 826 12.
1075 761 1179 826 Venite
1198 767 1235 826 ad
1268 771 1275 782 “

97 861 159 916 me,
189 845 219 900 et
243 839 450 900 convertimini.
490 837 624 901 Secundo
649 840 777 901 membro
803 841 901 903 delinit
926 832 1069 923 Propheta
1100 838 1168 925 quid
1198 847 1236 908 sit

98 921 196 980 Deum
215 918 322 980 andire.
362 916 464 1000 Neque
482 921 558 980 onim
578 924 646 980 satis
665 929 739 982 esset
764 940 889 984 annuero
911 921 1041 1004 loquenti
1061 921 1139 985 Deo:
1161 927 1162 932 ’
1207 921 1234 986 ia

98 1000 181 1062 tacite
208 998 377 1070 concedunt
394 995 576 1080 hypocritae,
606 1020 706 1060 verum
726 1021 788 1061 esse
808 999 887 1081 quod
906 1019 942 1060 ex
963 1021 1013 1061 ore
1032 999 1087 1062 Dei
1106 1025 1159 1084 pro
1182 1005 1234 1064 cis·

99 1085 182 1155 citur,
202 1079 321 1160 perinde
340 1081 399 1142 acsi
418 1089 500 1142 aures
519 1079 647 1140 flecteret
666 1083 769 1140 asinus.
796 1079 939 1161 Propheta
959 1089 1055 1142 antem
1074 1101 1133 1152 nnn
1152 1082 1235 1148 aliter

99 1159 197 1222 Deum
217 1159 310 1220 audiri
329 1159 482 1242 signifieat,
499 1160 553 1220 nisi
574 1160 707 1223 naseins
727 1161 846 1244 imperio
866 1157 1036 1222 subiicimbs.

179 1241 229 1302 15.
252 1243 344 1300 Brevi
361 1247 505 1304 inimicos.
535 1233 589 1299 Hic
609 1237 751 1315 admonet
771 1259 955 1322 quascunque
974 1241 1100 1322 perpessi
1112 1241 1235 1305 'fumant

100 1319 197 1382 clades
216 1319 570 1400 hnmnc.impnnndns
589 1337 652 1382 ease
670 1337 778 1390 eorum¹
791 1319 927 1403 peccatis:
946 1325 1015 1402 quia
1034 1339 1092 1382 non
1112 1321 1174 1391 aliis
1193 1325 1235 1384 ri·

99 1400 178 1461 ribus
199 1419 258 1480 pn
278 1405 363 1460 arunt
382 1395 492 1472 hostes,
521 1418 609 1480 quam
622 1399 731 1480 ,quibus
751 1419 768 1462 e
787 1399 867 1462 noeto
887 1399 1016 1469 instructi
1034 1406 1123 1464 mant.
1162 1400 1234 1462 Pro·

99 1481 217 1540 miserat
266 1497 318 1538 eus
337 1479 395 1538 suia
414 1479 547 1560 auspiciis
566 1480 690 1562 electum
715 1479 855 1560 populum
879 1477 941 1539 iore
962 1479 1089 1540 omnium
1109 1479 1235 1542 hostium

100 1561 253 1619 victorem:
270 1577 312 1622 na
352 1559 394 1618 uis
413 1577 478 1626 enm
499 1559 591 1620 malae
610 1559 676 1620 fidei
695 1558 847 1630 insimulet,
868 1558 991 1619 affirmat
1005 1577 1036 1618 se
1050 1559 1079 1619 id
1093 1559 1236 1622 iacturum

101 1640 188 1699 luisse
206 1637 262 1698 nisi
282 1579 442 1718 probibitua
460 1643 535 1698 esset
554 1639 653 1722 pupuli
673 1639 803 1719 pennatis.
824 1636 883 1698 Nec
903 1637 1021 1700 dublum
1040 1645 1084 1700 est
1103 1641 1173 1722 quin
1193 1648 1236 1700 tn-

100 1721 155 1779 eite
175 1716 329 1778 admoueat
351 1715 461 1778 eos'de
484 1718 626 1801 prib'ribus
647 1719 785 1797 victorii,
815 1738 887 1798 quas
910 1739 970 1778 non
994 1720 1111 1802 proprio
1136 1727 1236 1794 marte,

101 1799 151 1860 sed
176 1800 240 1858 eius
265 1797 354 1858 ductu
378 1796 430 1858 ade
450 1799 474 1858 ti
497 1798 627 1862 lucrant..
649 1794 745 1864 ⁴Nunc
767 1817 798 1858 sa
822 1817 881 1866 nnn
905 1797 993 1862 modo
1016 1792 1251 1866 cohiberi‘dioih
1315 1850 1319 1860 .

101 1899 204 1939 eornm
224 1877 320 1959 eulpa,
339 1883 373 1938 ut
391 1896 409 1938 a
429 1817 591 1946 gelensium
609 1879 736 1974 ipsorum
756 1877 903 1954 abstineat,
928 1878 977 1939 sed
997 1880 1083 1940 etiam
1095 1881 1236 1962 'improbi-

101 1966 160 2020 tate
179 1959 254 2040 cogi,
273 1963 306 2017 ut
326 1955 452 2018 hostibus
473 1957 592 2032 omissis,
611 1979 641 2018 ιιι
660 1958 737 2040 ipsos
756 1960 846 2018 irruat
865 1967 972 2018 armata
992 1975 1087 2018 manu.
1108 1956 1236 2020 Eandem

102 2039 270 2100 sententiam
294 2034 476 2134 prosequitur
495 2057 589 2120 quum
612 2035 804 2098 dicitbnstes
827 2053 880 2116 snp
903 2037 991 2098 linitur
1019 2039 1236 2119 tugam'tuisse

103 2119 257 2192 subituros,
276 2119 331 2180 rusi
350 2117 415 2178 illos
434 2115 470 2178 ad
490 2116 633 2185 licentiam
652 2123 789 2180 amasset
804 2057 993 2181 tantillarum
1007 2118 1146 2199 impietas,
1165 2119 1236 2180 dum

103 2217 226 2260 excusso
243 2199 311 2279 iugo
332 2195 536 2258 coutraDeum
548 2197 705 2260 lasciviunt
730 2201 837 2258 Hostes
849 2201 975 2258 Iohanne
993 2198 1152 2268 nominans,
1172 2217 1234 2280 per·

107 2279 219 2358 stringit
236 2275 391 2352 isratlitaa,
413 2277 490 2358 qnod
514 2277 637 2360 abrupto
662 2275 784 2338 foederis
803 2277 933 2352 vinculo,
957 2295 988 2338 ne
1008 2297 1026 2357 a
1043 2275 1110 2338 Deo
1129 2279 1235 2344 disim-

107 2360 213 2434 xerint,
241 2376 279 2418 ne
303 2353 410 2418 bellum
432 2355 527 2420 statim
550 2378 603 2440 pro
628 2356 696 2440 ipsis
722 2363 822 2416 contra
845 2353 942 2440 hostes
962 2377 1127 2426 communes
1147 2360 1234 2433 susei-

104 2445 194 2578 peret.
207 2433 474 2578 dfflempdmopdnm
491 2437 568 2500 enim
586 2435 856 2576 mimi-Primii?
875 2435 943 2576 siat
955 2437 1039 2576 spretis
1058 2435 1236 2578 irpudeutup,

104 2537 250 2658 simius
273 2535 318 2656 d:
333 2536 501 2678 peliiuiicslffit
513 2535 930 2678 ppppippgppnimospgprppfflp
951 2535 1091 2658 ligniopsaoi
1104 2537 1236 2658 bosriibba

102 2675 363 2820 ἒῗᾷἱρέῗέἶῧίἰ
381 2675 971 2829 tltrtttlhttttttthtdtttl
986 2674 1235 2821 ltlttttdt

959 2798 968 2830 r
1045 2826 1050 2836 .

101 2833 1113 3012 ttrttttltmtttffittrgthtttttltltt‘ttlttttt
1126 2837 1235 2992 hirii

101 2997 171 3058 alibi
195 2995 330 3056 diximus.
369 2993 536 3058 subindicat
560 3004 655 3058 autem
675 2991 820 3078 Propheta
837 3015 900 3058 uon
918 2995 1002 3061 aliam
1021 3015 1086 3056 cunr
1104 2997 1234 3076 reprobin
1326 3003 1336 3028 ’

102 3075 274 3158 sperandam
294 3095 357 3136 esse
376 3095 484 3157 paoem,
503 3076 559 3136 nisi
578 3081 717 3157 quatenus
736 3095 836 3138 eorum
855 3073 962 3136 rabiem
975 3078 1139 3156 constringit
1153 3065 1234 3136 Deus
1313 3087 1320 3108 ¹

102 3154 224 3216 occultis
244 3156 364 3231 catenis,
383 3154 465 3217 aienti
484 3155 530 3216 leo
549 3154 639 3218 turrea
659 3175 746 3218 careo
765 3155 907 3228 inclusus,
931 3161 1028 3216 manet
1048 3174 1160 3236 semper
1178 3157 1234 3230 leo,

102 3235 154 3296 sed
174 3233 325 3296 cohibetur
344 3255 380 3295 ne
394 3235 482 3296 laniet
500 3251 535 3314 nc
554 3233 695 3317 discerpat
708 3235 766 3317 oqui
782 3233 1094 3318 quoinquetanbrmrel
1114 3255 1166 3306 sex
1185 3255 1236 3316 pa·

103 3315 186 3376 dibus
212 3311 247 3374 ab
270 3333 307 3374 co
331 3313 449 3379 dotant:
478 3314 520 3376 sio
543 3313 638 3396 impii,
660 3315 726 3376 licet
748 3316 779 3376 in
797 3322 925 3376 nostram
944 3315 1096 3396 perniciem
1116 3315 1235 3392 inhiant,

102 3395 224 3473 exsequi
243 3401 338 3454 tamen
357 3393 434 3474 quod
454 3401 590 3490 cuperent
607 3401 766 3475 nequeunt:
789 3395 849 3454 imo
867 3414 969 3457 eorum
987 3393 1121 3454 stlocum
1143 3395 1234 3456 humi·

101 3472 254 3544 liatDans,
274 3481 306 3532 ut
324 3475 568 3536 mansuetudinem
587 3475 729 3536 simulent.
747 3473 868 3540 Summa
880 3482 933 3550 est,
952 3472 1236 3554 cnlpalsradlitnrum
1281 3531 1283 3536 .

102 3553 166 3614 fieri
186 3559 220 3612 nt
240 3554 418 3632 praevaleant
436 3561 535 3618 contra
558 3573 609 3618 eoa
632 3550 744 3630 bontas,
771 3561 802 3616 at
825 3553 985 3634 petulanter
1007 3553 1155 3625 insultent,
1185 3555 1236 3634 qui

101 3631 169 3694 tiliis
188 3631 247 3694 Dei
267 3633 413 3714 morigeris
432 3641 462 3695 et
481 3631 700 3714 obsequenb'bus
720 3633 863 3716 supplices
881 3640 963 3698 eram
980 3632 1078 3694 futuri.
1108 3637 1237 3714 Tempu

102 3731 280 3852 arus„
319 3711 476 3852 docnt
483 3711 1031 3874 arcicancellarii}
1049 3715 1235 3855 tartha

102 3877 297 3950 protectorem
315 3878 346 3932 et
365 3873 512 3934 custodem
532 3871 569 3934 ad
588 3869 674 3936 linem
695 3892 795 3954 nsque.
820 3871 941 3934 Mutatio
960 3875 1046 3954 igitur
1065 3879 1123 3932 tam
1142 3873 1235 3932 subita

103 3969 178 4030 qnae
199 3952 370 4030 contigerat,
394 3948 491 4013 odiose
509 3951 565 4014 illis
584 3950 730 4030 obiicitur,
755 3952 833 4033 quod
857 3952 923 4026 data
943 3969 1030 4032 opera
1048 3971 1131 4012 suam
1148 3951 1235 4010 letici-

102 4036 191 4090 tatem
224 4031 354 4112 protinus
382 4030 544 4104 abiecerint.
583 4031 661 4094 Idun
685 4040 715 4094 et
739 4031 774 4092 de
798 4037 889 4094 terrae
913 4033 1056 4094 fertilitate
1077 4030 1235 4093 dicendum.
1339 4025 1357 4096 ι’

103 4105 162 4186 Qui
186 4107 224 4168 iit
246 4111 322 4170 onim
348 4119 380 4174 nt
403 4113 527 4174 esuriant
551 4112 585 4188 iu⁴
606 4131 640 4174 ea
663 4120 745 4178 terra
758 4111 807 4172 nhi
826 4107 907 4177 Deus
923 4113 1010 4187 ⁴tritici
1030 4117 1061 4170 st
1077 4109 1169 4170 mellis
1189 4111 1235 4175 ab·

104 4187 268 4264 undantlam
288 4189 343 4249 illis
362 4191 505 4272 pollicitus
524 4190 626 4269 trent,
644 4188 698 4254 uisi
712 4188 846 4273 quiaDci
859 4191 1018 4254 benedictio
1033 4209 1134 4250 eornm
1153 4191 1236 4270 culpa

102 4270 232 4329 exaruit?
257 4271 546 4350 dolmensi-amanti
564 4273 760 4353 metaphorice
775 4281 860 4334 vocat
878 4273 1079 4351 similaginem,
1100 4271 1152 4328 nisi
1172 4274 1238 4346 duis

101 4367 155 4427 pro
173 4349 287 4431 optimo
307 4349 399 4410 tritico
419 4353 546 4432 accipere
565 4351 654 4413 malit.
675 4355 743 4416 Mel
761 4375 798 4414 ex
815 4363 901 4434 petro
920 4353 1036 4430 quidam
1053 4348 1238 4430 hyperbolica

101 4427 260 4510 corripiunt:¹
289 4428 347 4490 acsi
372 4429 483 4510 dictum
498 4431 602 4516 ploret„
623 4432 720 4516 potius
743 4432 812 4494 mel.
825 4433 941 4492 tluxisse
966 4451 1003 4490 ex
1022 4431 1091 4512 ipsis
1111 4433 1239 4512 rupibus,

124 4524 231 4566 calvinus
245 4526 267 4567 in
283 4527 363 4568 Pania.
378 4527 439 4570 Tou.
454 4528 485 4570 ll.
627 4528 632 4536 '
924 4513 943 4574 6
