2890 4886
541 259 854 346 ursanensi
1168 283 1249 362 2197

114 443 226 504 meam,
254 431 287 488 et
308 421 427 488 cinnor
447 443 538 489 mens
558 422 599 488 *at
612 429 654 490 'te
675 423 789 492 veniat.
828 423 858 490 3.
882 423 1115 494 Neabscondes
1138 423 1249 497 faeiem

114 536 201 596 tnam'
224 551 242 594 a
265 551 317 594 me
339 525 373 636 iq
395 527 445 609 die
468 529 757 597 afflictionismeae:
778 530 889 596 inclina
913 532 1140 630 admensurem
1151 541 1248 616 marn,
1360 535 1365 553 '

112 635 144 702 in
166 633 219 702 die
242 656 307 723 quo
330 632 432 702 clamo
455 633 576 720 festina,
597 636 757 726 responde
776 635 863 704 mihi.
1075 662 1077 671 ·
1155 709 1163 727 Γ
1216 731 1219 746 Ι
1267 667 1273 702 ι

193 827 222 886 1.
242 827 395 884 Precatio.
436 822 574 906 Quisquis
598 847 635 887 ex
655 807 810 907 Prophetis
831 825 917 886 inerit
934 832 1034 889 auctor
1053 824 1168 902 Psalmi,
1187 845 1248 888 cer·

110 912 173 963 tum
198 909 253 977 est,
273 923 339 962 eum
359 903 480 963 dictasse
503 907 636 985 precandi
664 907 784 986 formam
810 925 863 986 pro
884 905 995 986 Templi
1013 913 1044 967 et
1061 905 1147 966 Urbis
1166 925 1246 988 repa·

109 985 232 1042 ratione.
271 981 361 1060 Quod
384 985 559 1062 restringunt
583 986 699 1066 quidam
724 987 759 1045 ad
784 992 897 1066 tempus
922 1004 981 1065 qno
1006 984 1246 1066 impediebatnra

109 1063 215 1122 vicinis
235 1061 365 1142 gentibus
383 1061 495 1144 'dempti
514 1064 682 1138 aedificatio,
702 1066 770 1124 mihi
790 1085 849 1126 non
874 1065 979 1144 placet:
998 1067 1095 1146 potius
1113 1067 1246 1125 existimo

110 1148 180 1202 ante
199 1142 324 1201 reditum
344 1143 453 1222 popuii,¹
473 1163 562 1223 quum
582 1147 638 1204 ianr
657 1146 774 1206 instaret
793 1147 948 1224 promissae
966 1145 1166 1225 redemptionis
1177 1151 1246 1204 tem·

108 1241 176 1302 pus,
195 1222 384 1301 compositum
396 1221 493 1296 ,inisse
512 1221 666 1284 Psalmunr.
708 1223 789 1283 Tunc
813 1226 889 1284 enim
910 1231 1066 1304 coeperunt
1085 1222 1247 1304 Prophetae
1285 1215 1289 1236 '

107 1302 812 1463 ttitdttffltttttmttttzatittii
833 1303 1007 1442 titiis
1021 1303 1127 1442 tetii
1146 1303 1246 1442 “dd

310 1421 319 1454 s
805 1425 814 1454 s
1121 1427 1128 1440 ·
1234 1421 1246 1438 ·

107 1461 206 1520 diium
225 1466 321 1520 antem
329 1459 388 1520 Pru
409 1460 492 1521 hetae
510 1463 566 1522 tuit
584 1481 642 1522 non
662 1463 749 1524 modo
763 1465 888 1524 animare
898 1464 1037 1542 populum
1047 1461 1083 1522 ad
1102 1459 1244 1536 fiduciam,

107 1539 160 1600 sed
180 1559 280 1600 numan
299 1546 329 1599 et
347 1481 564 1602 soldstndtuem
583 1541 697 1604 iniicere
721 1563 774 1622 pro
793 1539 936 1604 Ecclesiae
955 1542 1054 1602 saluts.
1094 1539 1244 1620 inscriptio
1281 1574 1283 1583 ·

108 1617 236 1680 ostendit
253 1619 289 1678 in·
303 1639 391 1700 wem
410 1639 494 1682 usum
512 1627 541 1682 et
561 1621 647 1688 finem
662 1622 818 1681 destinatus
833 1617 1069 1682 fueritPsalmus.
1099 1617 1172 1679 Nam
1193 1622 1262 1700 qai⁸

53 1738 57 1747 ·
106 1701 139 1760 in
164 1701 321 1780 praeterito
345 1705 475 1778 iupus-e
498 1696 628 1776 vntunt3
653 1699 754 1761 Oratio
778 1701 885 1761 afflictu
904 1700 973 1760 dum
992 1701 1048 1760 init
1066 1701 1243 1773 constrictos,

107 1785 138 1838 et
157 1778 260 1839 effudit
278 1797 360 1862 suam
380 1778 605 1842 meditationem:
624 1781 758 1841 videntur
779 1781 854 1840 mais
873 1799 987 1840 sensum
1007 1779 1134 1840 reddere.
1164 1775 1243 1856 Quin

107 1859 206 1939 potius
228 1857 322 1917 voluit
344 1877 443 1918 eornm
468 1861 602 1920 anxietati
627 1879 792 1922 succurrere
815 1879 938 1940 qnorum
962 1858 1078 1920 videbat
1102 1859 1243 1938 collapsos
1314 1923 1318 1932 ,

108 1939 233 1998 animos:
252 1939 311 1998 acsi
329 1938 443 2012 dionei,
468 1937 609 2017 Quamvis
628 1959 679 2000 eos
702 1940 875 2020 constringat
893 1957 1009 1998 moeror
1027 1946 1056 1999 et
1075 1938 1244 2020 desperatio,

108 2037 172 2078 esse
191 2023 289 2077 tamen
313 2017 405 2077 adhuc
428 2019 561 2098 precandi
584 2019 688 2079 locum.
729 2018 854 2097 Quidam
878 2018 997 2077 verbum
1017 2019 1097 2118 qimi
1117 2024 1243 2090 nunni,

108 2099 180 2158 darn
200 2115 232 2158 se
251 2097 419 2167 abscondet:
440 2115 475 2158 ac
493 2104 595 2177 putant
614 2099 805 2180 metaphorice
819 2099 942 2178 exprimi
960 2103 1073 2176 gestum
1092 2098 1243 2180 precantis,

109 2177 178 2238 dom
203 2195 271 2257 prae
295 2195 426 2237 moerore
443 2177 544 2236 faciem
568 2179 676 2258 erigere
695 2199 753 2240 non
773 2179 922 2250 sustinens,
948 2178 1030 2256 quasi
1048 2177 1079 2238 iu
1098 2179 1191 2236 sinum
1212 2195 1243 2236 sc

108 2257 233 2317 revolvit
251 2262 281 2315 et
298 2257 434 2338 implicat.
468 2255 538 2315 iiiihi
557 2263 653 2316 antem
672 2259 786 2316 videtur
804 2259 941 2316 concinna
961 2275 1024 2315 esse
1042 2255 1153 2329 allusio,
1173 2255 1242 2314 dnm

25 2375 28 2384 ·
109 2337 146 2396 ab
166 2351 222 2396 nus
241 2337 495 2417 parte‚'angnsiiae
514 2337 600 2396 enimi
619 2343 649 2396 et
667 2338 830 2396 consanctio
850 2341 1008 2415 ponuntur:
1029 2333 1065 2394 ab
1085 2335 1171 2394 ultera
1192 2339 1241 2392 ass-¹

108 2423 177 2491 tem,
200 2419 397 2497 precationum
415 2415 530 2476 effusio:
557 2424 590 2476 nt
614 2417 735 2478 sciamm
754 2415 826 2476 adso
839 2435 904 2476 non
923 2414 1026 2488 ciendi,
1045 2416 1159 2476 ianuam
1178 2428 1241 2493 pne·

109 2496 190 2558 cibus
213 2497 318 2556 nostris
342 2496 409 2556 dum
429 2496 709 2565 connaeti‚dolore:‘
724 2497 815 2562 lucens
840 2503 871 2556 et
889 2501 1073 2574 conspectum
1094 2493 1242 2554 hominum
1312 2507 1316 2516 ’

107 2576 244 2656 sugimus,
264 2583 297 2634 nt
309 2583 380 2635 tnnc
393 2587 461 2636 vere
475 2581 668 2656 opportunum
682 2575 718 2634 sit
732 2581 845 2654 tempus
860 2575 972 2634 orandi:
993 2575 1058 2654 quia
1079 2573 1150 2632 irasc
1160 2573 1242 2631 unica

104 2658 187 2717 mis
205 2656 423 2715 undrisleuatio
442 2661 494 2727 est,
512 2655 680 2716 damlibere
694 2651 1040 2716 curdauostradttunders
1059 2654 1126 2714 licet
1143 2661 1240 2712 coram

104 2735 184 2797 nso.
224 2733 352 2794 Verbum
371 2735 485 2816 quidem
506 2739 585 2805 nidi
606 2755 690 2818 saepe
709 2736 821 2816 eapitur
839 2753 996 2814 praesare:
1016 2733 1065 2795 sed
1077 2733 1240 2872 quasique

100 2817 174 2877 dicat
193 2815 331 2888 meditari,
350 2833 454 2874 nomen
474 2833 511 2874 ox
531 2833 566 2876 eo
586 2811 739 2875 deductum
758 2814 805 2874 isio
815 2815 929 2894 proprie
943 2819 988 2872 est
998 2813 1153 2873 meditatio.
1211 2831 1240 2878 ou,

102 2895 227 2992 tsndqm
247 2901 290 2953 est
308 2901 463 2990 prqeterea
482 2893 526 2954 isis
545 2893 638 2954 verbis
657 2895 817 2988 admonitos
837 2893 1074 2962 inisselsreititas
1093 2893 1239 2986 qnopnodo
1265 2915 1271 2930 1

101 2981 410 3127 diluendis
428 2987 492 3113 itt
511 2973 628 3114 iii'ss
647 2975 715 3114 ‘2:33
735 2973 1009 3138 stetistis?
1025 2971 1240 3132 ἓῗοῗὲἶξῖιῖζὶ

101 3133 249 3195 Ecclesiae
264 3133 369 3192 studes.

186 3217 215 3274 2.
235 3215 345 3273 Ieterm
369 3215 451 3276 essdt.
491 3213 572 3276 Haec
590 3213 769 3274 vehementia
792 3215 897 3274 iterum
916 3213 1039 3274 ostendit
1059 3233 1117 3274 non
1137 3212 1240 3280 dictate

100 3295 193 3355 tunso
215 3293 303 3352 verba
326 3311 400 3374 qnae
423 3296 514 3355 securi
543 3301 572 3354 et
598 3295 699 3356 hilares
728 3295 916 3366 effunderent,
948 3293 1025 3373 qnod
1050 3293 1158 3352 suetum
1178 3311 1238 3352 non

101 3375 208 3436 fuisset
224 3373 334 3454 absque
354 3391 448 3434 omaso
468 3373 524 3433 Dei
543 3374 674 3436 ludibrio.
710 3373 863 3436 Testantun
881 3374 956 3434 enirn
976 3376 1016 3432 sie
1034 3371 1188 3450 loquendo,
1208 3389 1239 3430 se

106 3455 187 3514 diros
207 3454 349 3514 eruciatus
367 3453 502 3538 perferre²
521 3461 552 3513 at
571 3455 668 3514 ardere
686 3455 794 3534 ingenti
818 3450 955 3514 desiderio
976 3450 1143 3512 obtinffldae
1163 3451 1237 3510 leva·

103 3533 201 3594 tionis.
241 3531 339 3610 Quare
363 3533 434 3592 haec
458 3533 544 3593 verba
571 3553 620 3593 ore
644 3553 728 3593 nemo
752 3553 886 3592 nscnare
909 3539 1030 3613 poterat,
1075 3533 1123 3590 uin
1143 3531 1237 3608 prosa·

60 3625 62 3630 '
104 3617 188 3682 nuet
207 3610 263 3672 Dei
286 3615 401 3686 nomon,
425 3615 480 3673 uisi
505 3615 651 3674 accederet
673 3614 765 3674 serius
790 3614 876 3672 animi
895 3611 1022 3672 affectus.
1087 3617 1100 3670 t
1119 3611 1235 3670 circnm-

103 3693 210 3752 stantia
230 3711 318 3773 qmrn
344 3693 403 3752 dixi
421 3693 546 3754 notanda
564 3700 618 3767 esi,
642 3713 695 3752 uos
713 3711 730 3751 a
750 3691 860 3772 Spiritu
878 3697 977 3752 sencio
995 3693 1035 3754 ita
1053 3688 1239 3769 expergefiat

105 3773 177 3832 dum
196 3791 248 3852 pro
269 3775 413 3832 cummuni
432 3771 576 3834 Ecclesiae
598 3771 691 3834 sainte
715 3769 838 3832 orandus
860 3779 906 3832 est
924 3771 1013 3832 Deus.
1054 3767 1128 3829 Nam
1147 3788 1238 3848 quum
1338 3803 1342 3810 -

103 3853 239 3932 privatim
258 3852 312 3910 sihi
331 3871 428 3912 curam
449 3853 570 3934 quisque
589 3859 678 3934 gerat,
697 3853 748 3912 vix
767 3853 935 3912 centesimus
954 3854 1076 3932 quisque
1095 3847 1238 3916 Ecclesiae
1327 3853 1330 3877 ¹

103 3931 198 4005 mutis,
216 3938 251 3990 nt
270 3950 323 4012 par
341 3939 394 4008 est,
410 3933 549 3994 afficitur:
573 3953 633 4013 qno
652 3932 882 4014 megis'stinndis
900 3951 976 4012 opus
995 3938 1048 4004 ssi,
1067 3930 1150 3988 sicuti
1164 3927 1235 3991 Pro·

103 4010 223 4092 phetam
247 4012 376 4072 videmus
400 4013 491 4072 multa
514 4013 667 4074 verborum
686 4013 818 4093 congerie
837 4011 926 4091 dn'gus
946 4018 976 4070 et
993 4010 1153 4073 tarditatem
1172 4025 1236 4066 cor·

102 4093 205 4170 rigere.
236 4089 346 4150 Cordis.
358 4091 476 4170 (istaes)
495 4098 589 4172 partes
608 4099 703 4154 essem
722 4093 847 4171 linguam
867 4109 993 4164 movere,
1009 4097 1041 4150 et
1060 4087 1179 4166 dirigere
1199 4085 1235 4160 ad

102 4169 297 4251 precandume
314 4171 366 4230 sed
384 4173 451 4250 qnia
470 4173 722 4250 saeposstteceseit,
741 4171 788 4230 vei
798 4172 873 4232 lente
891 4178 921 4230 et
939 4171 1020 4251 pigra
1037 4186 1236 4236 munussuum

102 4251 280 4330 exsequitur,
300 4250 413 4328 tingnpe
432 4249 602 4310 adminiedin
622 4269 695 4348 opus
714 4249 808 4310 habet
833 4249 943 4311 Esihic
962 4250 1047 4329 igitur
1066 4247 1171 4326 aliquid
1192 4268 1233 4307 re·

102 4331 265 4412 ciprocum:
297 4330 363 4408 quia
389 4331 473 4389 sicuti
498 4349 549 4389 cor
572 4341 692 4409 prusrre'
706 4329 793 4392 verba
819 4329 902 4390 debet
925 4345 961 4388 sc
985 4328 1117 4402 sumsere,
1145 4327 1187 4396 sic
1205 4334 1271 4388 et*

101 4409 279 4491 tingunipsa
300 4400 521 4498 eordit=torpori
540 4411 703 4490 opitulator.
741 4409 818 4476 Fieri
842 4407 955 4490 quidem
975 4426 1060 4489 saepe
1079 4409 1183 4489 poterit
1203 4413 1236 4473 ut

383 4749 389 4782 i
