2862 4888
380 317 383 322 .
458 276 501 317 ss
529 273 690 316 ranan.
723 273 852 316 uxxvrrr.
1183 243 1222 331 57¹

90 400 243 463 mullitudo
303 400 311 416 ⁶
368 413 415 459 am
438 395 573 462 odrersus
598 392 693 458 hostes
713 391 845 458 robustos
869 415 903 458 ae
926 396 1076 460 bellicosos
1100 404 1222 480 poterat.

90 483 202 542 Scimus
221 417 493 560 comtempua
518 477 637 540 sordidis
662 477 782 559 opiliciis
806 477 948 538 addietum
971 479 1059 540 fuisse
1082 478 1224 560 populum

90 563 178 636 illum,
199 561 283 638 quasi
302 559 454 625 damnatus
473 565 546 618 esset
567 557 603 618 ad
623 556 735 618 metalla
755 555 801 616 rel
820 557 990 638 lapicidinas.
1031 556 1109 620 Dicit
1127 564 1223 620 auteur

89 643 174 702 {uim
194 637 334 699 deductos
353 637 414 698 u'ne
433 644 526 698 metus
549 655 610 698 nou
634 636 713 718 quod
735 653 837 697 secure
855 637 909 720 ipsi
928 637 1146 719 tranquillisque
1165 638 1223 698 uni-

90 722 140 781 uris
162 719 197 779 in
220 716 322 787 Deum
346 715 542 792 maluerint,
570 715 620 776 sed
671 718 716 776 uia
740 715 812 776 duce
835 723 866 776 et
890 717 1007 778 custode
1031 717 1130 778 salutis
1155 735 1245 776 auae.

89 800 168 873 Deo,
193 817 255 858 non
275 795 428 858 habuerint
445 797 549 856 iusim
568 737 685 856 timeddi
704 811 833 870 causam,
856 797 910 856 nisi
934 817 984 871 eos
1003 816 1055 860 sua
1073 797 1224 860 infidelitas
1358 863 1364 881 ,

89 879 122 938 sd
140 877 345 958 trepidandum
365 876 556 960 compulisset.
575 873 659 936 Unde
678 874 860 956 obstreperae
882 876 948 936 illae
966 895 1065 955 voees,
1090 877 1152 937 Cur
1170 893 1225 936 uos

89 959 210 1018 couletu‘t
229 955 313 1018 Deus
330 957 361 1017 iia
380 955 433 1015 has
457 955 618 1036 angustias?
643 973 740 1016 aunon
762 961 845 1016 eraut
867 973 898 1016 se
919 955 997 1016 ulcra
1021 957 1050 1017 in
1070 955 1225 1038 Aegypto?

88 1037 182 1098 llxod
203 1037 255 1110 14,
273 1035 322 1099 11.
361 1033 429 1096 Nun
451 1053 521 1116 ergo
544 1034 581 1094 ad
604 1051 719 1095 sensum
743 1033 842 1116 populi
862 975 983 1096 redditur
1002 1039 1151 1109 securitas,
1175 1033 1226 1094 sed

89 1118 123 1178 ad
142 1116 203 1178 Dei
222 1114 411 1197 praesidium,
432 1133 490 1196 quo
509 1113 617 1174 iactum
636 1119 693 1187 est,
713 1121 745 1174 ut
764 1113 894 1174 hostibus
913 1113 1063 1191 demersis,
1081 1115 1176 1196 pacati
1195 1116 1226 1174 iu

89 1199 204 1258 hauto
223 1197 411 1275 quiescerent
446 1193 510 1256 Alia
530 1211 646 1274 quoque
665 1191 723 1254 Dei
741 1193 876 1253 beneficia
895 1199 924 1253 et
943 1195 1027 1256 simul
1047 1195 1117 1255 alias
1134 1201 1225 1254 traus-

89 1277 254 1358 pusiones
272 1275 384 1348 recitat,
404 1291 478 1353 quae
496 1273 585 1352 magis
603 1272 729 1358 produnt
747 1273 975 1354 iugratitudinem
995 1273 1103 1356 pupuli,
1122 1291 1227 1354 nempe

91 1355 169 1438 quod
189 1353 394 1415 haereditatem
414 1351 466 1412 sihi
486 1353 654 1432 promissum
674 1351 783 1433 adepti,
807 1353 888 1432 quasi
907 1350 973 1412 Dec
991 1353 1062 1414 nihil
1081 1352 1226 1426 deberent,

162 1436 170 1452 '
208 1435 237 1494 ci
259 1451 373 1514 semper
395 1450 435 1496 ac,
451 1431 620 1492 intractabili
638 1431 743 1494 luerint
762 1433 884 1513 ingenio.
925 1433 1059 1494 Clausala
1079 1433 1150 1496 baec
1172 1431 1230 1492 tuit

92 1453 284 1588 monh,
307 1512 403 1574 locare
425 1529 477 1573 eos
500 1513 530 1571 iu
550 1512 727 1592 poncsuioue
744 1519 838 1572 terrae
857 1511 1009 1587 Chanaau,
1033 1514 1116 1575 cuins
1136 1529 1167 1574 ae
1185 1512 1228 1572 iu-

94 1613 192 1675 Μ
211 1591 434 1674 prohibuerantr
452 1589 581 1652 uisiDeo
600 1591 700 1652 luisset
719 1590 873 1666 decretum,
892 1612 926 1652 an
963 1599 1025 1654 rata
1042 1611 1143 1656 eorum
1163 1607 1228 1674 pra·

94 1677 188 1748 ritate,
207 1673 339 1734 numeris
353 1671 484 1732 omuibus
499 1669 645 1730 absolvere
660 1671 738 1758 quod
752 1679 893 1760 coeperat.
902 1751 903 1757 ἵ
912 1611 1004 1733 derro
1018 1679 1122 1734 terrum
1136 1673 1228 1756 ipsam

95 1753 223 1816 muimt
246 1755 339 1812 Fines
358 1757 532 1812 &cerauni
553 1753 633 1812 Dei.-
678 1750 735 1810 uod
759 1769 823 1810 eam
847 1752 956 1834 populo
980 1769 1033 1812 suo
1057 1751 1139 1814 Deua
1163 1750 1230 1812 assi·

96 1851 191 1916 prun«,
212 1831 267 1892 sihi
286 1834 373 1892 etiam
393 1837 614 1892 consecraverat.
642 1769 737 1914 ¹dude,
754 1831 866 1911 turpius
885 1837 1003 1912 apparet
1020 1833 1157 1912 flagitium
1176 1851 1229 1914 po·

97 1914 164 1993 puli,
183 1913 236 1994 qui
254 1911 357 1972 eadem
376 1911 587 1990 inquinamenta
600 1909 669 1970 illuc
682 1909 787 1983 intulit,
806 1910 908 1990 qubus
924 1911 992 1975 olim
1007 1912 1116 1991 pullula
1126 1911 1228 1977 luerat.

99 1994 187 2054 Cuius
206 1992 286 2052 euim
304 1991 360 2052 luit
379 1989 544 2061 dementiae,
563 2009 653 2072 quum
666 1991 750 2051 sciret
763 1991 886 2071 populus
899 1990 985 2051 lsrael
996 1992 1132 2073 expulsos
1144 1991 1231 2056 luisse

102 2072 138 2132 ob
155 2089 210 2131 sua
228 2071 337 2132 scelera
356 2075 468 2129 veterae
486 2069 603 2144 incolas,
623 2087 689 2132 cum
707 2069 776 2150 ipsis
796 2072 874 2130 omui
893 2071 1030 2132 scelerum
1050 2089 1153 2152 genere
1171 2065 1232 2133 cer·

101 2153 180 2212 lauet
210 2152 267 2212 acui
293 2149 330 2210 de
353 2148 491 2209 industria
512 2151 693 2288 propositum
717 2155 792 2208 esset
814 2151 844 2209 iu
869 2167 900 2210 se
924 2167 1067 2210 accersere
1091 2170 1177 2231 quam
1201 2155 1232 2214 in

106 2232 368 2312 aliis'peaspexerat
387 2226 443 2289 Dei
462 2229 510 2288 viu
532 2231 624 2288 'ctam
663 2225 752 2306 Quod
777 2235 875 2309 postea
899 2229 978 2289 addit
1000 2240 1125 2291 montem
1145 2233 1232 2308 huuc,

104 2331 160 2372 uon
183 2316 274 2384 recte,
297 2325 365 2370 meo
389 2307 508 2381 iudicio,
532 2306 648 2390 quidam
671 2307 819 2367 adiutam
838 2313 942 2368 urtam
961 2309 1133 2386 extendunt,
1158 2331 1234 2391 quae

104 2391 152 2450 elai
170 2395 325 2450 montuosa
343 2393 414 2463 erat,
433 2386 531 2470 habuit
549 2394 645 2450 tamen
663 2385 795 2482 regiom
812 2385 959 2483 planesel
973 2405 1007 2446 ae
1047 2387 1144 2462 abdce,
1163 2391 1233 2450 satis
1299 2439 1302 2452 .

101 2469 263 2619 attii
276 2463 526 2608 intimidi-i
545 2485 607 2607 :ti
617 2465 1236 2626 ,t'lltllliit'thhhitTit

99 2628 216 2690 uon'liee
234 2626 384 2688 addiderit.
422 2623 526 2686 Fateor
545 2626 659 2721 quidem
683 2623 882 2704 synecdochen
907 2643 982 2686 ease:
1006 2625 1093 2702 modo
1117 2627 1233 2700 teneant

98 2710 220 2769 lectores
238 2708 337 2768 locum
350 2705 460 2769 ,diserte
477 2705 609 2786 exprimi,
628 2724 666 2765 ex
685 2725 754 2784 quo,
773 2703 851 2764 velut
869 2723 907 2764 ex
926 2705 1014 2778 toute
1034 2705 1169 2766 manahat
1186 2715 1233 2768 to·
1281 2745 1288 2760 s

97 2791 153 2850 tius
172 2794 270 2848 terrae
288 2787 431 2846 sauctitas.
449 2785 588 2846 Moralem
605 2789 683 2846 luae
701 2785 807 2844 duro
821 2787 880 2846 Dei
897 2785 943 2845 cel
954 2806 1122 2866 possessum
1130 2789 1235 2870 sulces

101 2870 143 2929 uel
162 2874 345 2950 mellum
365 2864 445 2926 dicit:
470 2867 553 2941 (uam
571 2864 691 2924 uerbum
710 2867 781 2963 ΝΡ
801 2870 956 2944 utrumque
975 2864 1126 2945 significat)
1145 2885 1183 2928 ue
1202 2869 1234 2928 se

99 2949 222 3008 efferant
240 2945 396 3018 tarachiae,
420 2943 500 3024 qnasi
520 2963 573 3023 pro
594 2943 637 3004 rio
661 2948 751 3002 marte
775 2948 879 3002 terram
903 2963 937 3003 uc
978 2945 1080 3018 inierit,
1103 2945 1150 3006 vel
1173 2945 1234 3006 eius

99 3026 282 3109 possessione
300 3024 445 3084 fruanturc
464 3023 547 3082 sicuti
566 2963 680 3083 dralmo
700 3022 748 3096 44,
767 3023 796 3084 4.
816 3023 923 3082 dictum
956 3025 1009 3084 uit=
1029 3021 1107 3102 Quia
1126 3045 1185 3086 non
1202 3029 1236 3086 iu

97 3105 195 3188 gladio
214 3123 270 3164 suo
289 3099 358 3164 lacti
376 3109 445 3164 suut
462 3100 596 3164 haeredes
616 3109 723 3176 terrae,
747 3120 801 3162 uec
824 3102 971 3166 brachium
990 3103 1090 3164 eorum
1110 3105 1236 3170 cenavit

97 3205 163 3246 cos:
187 3183 239 3244 sed
260 3182 362 3244 dextra
380 3189 445 3256 tua,
468 3188 499 3242 et
517 3180 662 3242 brachium
681 3188 779 3256 tuum,
803 3181 948 3242 etlumen
967 3183 1065 3243 vultus
1084 3185 1140 3260 tui,
1165 3187 1234 3266 quia

98 3263 228 3325 dilexisti
247 3281 311 3322 nos.
329 3259 370 3321 Et
387 3281 457 3336 nrox
476 3263 604 3340 sequitur
621 3260 783 3340 explicatio,
802 3263 940 3342 copulam
953 3263 1052 3344 sehse
1073 3267 1178 3339 Gentes
1197 3287 1235 3326 uc

95 3353 252 3428 proiectu
268 3350 302 3402 in
324 3353 449 3402 sortem.-
474 3341 576 3420 quibus
601 3339 695 3400 uerbis
719 3338 837 3400 modum
861 3339 1025 3421 acquirendi
1049 3341 1146 3404 definit
1164 3341 1236 3404 Pro·

98 3423 202 3506 pheta:
223 3423 284 3482 acsi
298 3419 413 3485 diceret,
432 3417 532 3500 Neque
546 3419 686 3502 populum
696 3419 782 3479 lsrael
796 3420 868 3480 adeo
883 3421 969 3480 luiaoe
983 3420 1128 3494 bellacum,
1141 3443 1238 3504 neque

100 3509 201 3584 gentes
220 3501 286 3560 illas
304 3507 363 3560 tam
384 3499 469 3560 irrisae
488 3499 615 3572 timidas,
633 3500 689 3560 ulei
707 3505 790 3580 parta
809 3499 909 3560 luisset
926 3501 1047 3560 victoria
1066 3498 1122 3562 Dei
1142 3502 1236 3582 auspi·

100 3585 145 3643 cio
166 3600 203 3642 ac
222 3582 337 3640 virtute.
366 3579 449 3638 Adde
490 3578 546 3639 uod
565 3578 690 3659 legitima
708 3599 767 3637 nou
785 3577 884 3638 fnisset
904 3581 1058 3658 possessio,
1081 3579 1135 3640 nisi
1154 3575 1236 3641 Deu's

100 3661 243 3802 'plu-³⁶⁸,
251 3656 393 3740 prioribus
412 3600 526 3734 incudis,
550 3659 580 3718 iu
598 3661 650 3730 ,ius
675 3663 704 3719 et
723 3657 820 3718 locum
838 3673 938 3718 eorum
958 3658 1110 3720 succedere
1129 3659 1237 3722 alieuoa
1340 3741 1342 3748 J

101 3762 140 3804 vo
152 3759 253 3804 unse.

181 3821 233 3882 56.
253 3819 295 3880 lit
313 3824 506 3879 tentaverunt.
546 3815 602 3878 Hic
620 3816 676 3877 iam
695 3813 850 3898 exprobrat
870 3817 947 3898 quod
966 3824 1011 3879 tut
1029 3817 1172 3879 beneficiis
1192 3837 1238 3878 cr·

102 3901 173 4038 pagi,
191 3895 532 4038 ”fflffmffioe
551 3916 582 3994 se
602 3915 712 3977 gerere:
741 3898 800 4034 iurot
825 3917 914 3992 quarn
934 3900 1016 3994 poris
1036 3899 1154 3958 subinde
1174 3917 1239 4038 φῖ

107 3993 922 4136 peieratidaia?,iilifflaiiiil‘i'h
935 3995 1240 4136 illicitet,

107 4137 241 4198 ueraliter
259 4157 309 4196 eos
334 4137 534 4196 exacerbasse:
560 4143 632 4217 quio
640 4135 756 4218 foedus
774 4141 839 4197 eius
855 4157 917 4197 non
935 4139 1134 4201 contudisrint.
1172 4135 1241 4196 Hoc
1324 4159 1339 4176 ‘

107 4223 202 4276 aucun
222 4222 368 4297 postrema
387 4215 524 4296 particula
543 4215 644 4274 melina
664 4215 841 4274 convincitur
864 4223 962 4295 aperta
985 4222 1014 4274 et
1038 4233 1132 4275 crassa
1150 4215 1239 4278 rebel·
1281 4250 1284 4256 2

107 4295 161 4370 lio,
179 4294 259 4376 quod
280 4293 457 4354 familiariter
475 4293 511 4354 de
529 4293 624 4353 cilicie
643 4313 696 4353 auo
716 4293 824 4370 edocti,
848 4296 1041 4354 recusaverint
1059 4301 1156 4356 lamen
1174 4294 1241 4356 Deo
1294 4367 1296 4374 Ι

107 4373 230 4438 auum
262 4369 338 4436 Nam
357 4379 386 4435 ct
404 4370 510 4455 Legem
529 4379 615 4434 vocat
632 4381 812 4450 testimonio,
836 4372 914 4455 quod
934 4373 988 4436 hac
1007 4375 1167 4456 pacisoendi
1184 4375 1242 4437 tor·
1283 4367 1287 4378 ’
1346 4437 1350 4446 f
