2874 4888
14 285 17 292 ,
107 247 219 314 “174
452 303 456 314 ,
587 209 872 305 ιυίιιιιιιιι

168 381 250 454 tinet,
268 397 336 452 nam
356 397 415 458 qno
439 375 541 445 medus
564 382 671 441 iestala'
692 376 775 438 nobis
797 376 883 438 inerit
901 372 959 435 Dei
982 375 1071 458 petia
1096 379 1125 436 et
1149 375 1251 449 virtus,
1276 377 1301 436 si

167 459 264 522 adhuc
280 459 441 537 expetimus
460 474 550 516 novas
574 459 635 519 eius
655 457 845 538 probationes,
870 475 908 516 eo
926 454 1048 514 densior
1068 461 1111 514 est
1130 463 1228 514 nostra
1248 457 1300 514 im-

166 542 268 622 pietas,
296 539 381 596 sicuti
404 535 489 596 hodie
513 535 641 599 videmus
664 535 773 614 multos
798 533 934 596 miracula
954 535 1090 614 flagitare,
1119 534 1301 614 alins-expo·

166 620 275 680 stulare
294 636 360 676 enm
380 613 460 688 Deo,
485 615 540 674 nisi
564 635 667 676 eorum
691 617 767 676 votis
792 615 977 694 obtemperet.
1017 611 1173 690 Quaeritur
1192 619 1300 686 lameri,

166 719 218 760 our
236 697 294 758 Pro
315 695 390 768 heta,
409 702 454 754 tot
471 693 595 758 historiis
616 696 781 772 praeteritis,
801 697 975 756 mentionem
994 699 1107 757 tantum
1126 693 1223 752 lecerit
1239 693 1301 752 lile-

165 777 236 848 siba.
304 794 350 836 am
370 771 459 854 quum
480 775 511 834 in
529 774 689 855 ipsoltlaris
708 775 828 843 transitu
847 777 905 836 iam
924 775 1070 854 coeperint
1089 779 1188 840 contra
1202 769 1301 833 Deum

165 855 348 928 tumultuari,
376 873 470 933 neque
490 873 616 934 unquam
637 853 672 917 ab
691 873 727 914 eo
746 854 792 917 die
812 855 983 925 destiterint,
1013 851 1120 936 primen
1142 872 1230 920 unum
1249 873 1300 912 ex·

53 979 55 982 -
186 936 315 1006 rubrans,
336 931 447 994 videtur
466 952 520 992 suo
544 935 655 994 silentio
679 952 728 994 eos
754 934 904 1016 areliquia
930 931 1085 993 absolvere.
1125 927 1184 990 Sed
1208 952 1301 1012 quum

165 959 329 1096 irequentes
348 1013 454 1074 sintin
473 1009 628 1093 Scripturis
647 1014 854 1093 synecdochae,
879 1011 949 1072 nihil
973 1009 1087 1070 absurdi
1106 1012 1160 1070 erit
1180 1011 1204 1070 si
1224 1011 1301 1070 dica·

165 1116 230 1158 mus
250 1093 303 1152 sub
323 1112 381 1154 una
400 1092 494 1172 speeie
513 1093 610 1172 plures
629 1095 731 1168 notari,
751 1093 863 1164 videtur
873 1099 969 1152 minen
974 1089 1037 1178 ,alia
1057 1091 1144 1150 luisse
1161 1091 1300 1152 satiacur

166 1177 223 1236 hoo
242 1172 407 1252 exemplum
428 1169 573 1252 Propheta
591 1174 716 1234 maxime
728 1165 865 1252 'eligeretr
886 1173 953 1250 quia
973 1189 1011 1230 ex
1029 1167 1111 1230 Mose
1131 1177 1300 1250 promptum

77 1327 80 1332 ¹
166 1261 211 1316 est
230 1252 372 1333 colligere,
391 1251 468 1310 hunc
487 1251 574 1322 luisse
594 1261 756 1312 extremum
767 1251 975 1333 ingratitudinis
994 1254 1024 1310 et
1043 1249 1300 1326 contumaciaeen-

165 1333 292 1406 mulum,
312 1331 369 1392 »uhi
393 1331 517 1426 populus
541 1340 658 1412 propter
682 1351 786 1411 aquam
810 1332 918 1391 rixatus
948 1335 998 1388 est
1038 1325 1107 1388 Scio
1132 1309 1300 1408 interpr'eles

166 1414 250 1474 aliter
276 1414 394 1472 sentire:
417 1430 459 1470 ere
482 1416 580 1490 maren
603 1431 648 1472 res
669 1411 762 1486 habet,
787 1418 857 1471 tunc
875 1409 1008 1489 implesse
1028 1427 1127 1482 omnes
1146 1409 1300 1487 impietatis

165 1511 311 1566 numeros,
332 1498 364 1553 nt
383 1489 460 1550 solus
480 1489 528 1550 ille
546 1492 690 1572 strepitus,
711 1493 792 1570 quasi
812 1489 1092 1552 omniumaetionum
1109 1487 1299 1568 calesu-opha,

165 1573 262 1655 palam
282 1569 436 1630 ostenderit
454 1569 637 1636 insanabilem
658 1590 720 1630 esse
739 1569 839 1630 eorum
859 1569 1055 1650 pervicaciam.

248 1655 297 1714 10.
319 1651 532 1732 Quadraginta
550 1673 654 1712 nouos.
690 1649 856 1710 Obelinalae
876 1648 999 1708 malitiae
1019 1649 1126 1707 crimen
1145 1653 1300 1726 exaggerat

165 1729 325 1812 Propheta,
344 1729 423 1824 quod
443 1731 523 1790 Deus
547 1748 613 1793 eum
637 1749 672 1790 ea
696 1730 805 1792 tamdiu
829 1729 867 1788 sit
886 1727 1008 1804 luctatus
1029 1726 1136 1806 absque
1155 1727 1298 1806 prolecto,

165 1813 294 1872 accidere
312 1828 389 1870 emm
409 1807 552 1869 interdum
571 1809 646 1870 solet
665 1817 697 1868 ul
716 1809 831 1870 ebulliat
851 1809 948 1888 aliqua
966 1809 1119 1887 protervia,
1144 1825 1218 1888 quae
1237 1825 1296 1864 mo·

95 1936 100 1955 ι
132 1955 136 1963 ¹
165 1897 263 1952 mento
282 1896 382 1968 pastea
401 1888 530 1950 considit.
570 1886 651 1958 Deus
670 1895 766 1950 autem
787 1889 854 1948 totis
874 1886 1059 1970 quadraginta
1074 1885 1166 1960 annis,
1183 1883 1238 1960 sibi
1255 1905 1298 1945 as·

139 1999 144 2011 =
166 1969 246 2030 sidua
267 1959 353 2028 luiss‘e
373 1986 440 2026 eum
459 1967 568 2047 populo
578 1969 668 2050 iurgia
684 1971 877 2050 conqueritur,
897 1966 972 2026 unde
981 1964 1158 2032 indomabilis
1174 1967 1299 2043 pravitas

166 2049 262 2128 colligi
281 2052 385 2127 potest.
414 2043 451 2104 Et
469 2056 671 2128 generationis
689 2051 805 2111 nomine
826 2050 913 2108 ulitur
932 2045 1094 2117 ineundem
1103 2044 1199 2104 linem
1224 2043 1300 2104 nam

166 2134 232 2197 'lt't
253 2127 381 2187 seculum
400 2125 448 2184 vel
467 2128 590 2205 spatium
608 2125 752 2188 humanae
772 2127 846 2186 vilae
865 2118 1013 2206 siguificat,
1042 2123 1088 2186 Ad
1101 2125 1183 2182 unius
1203 2129 1300 2184 aulem

165 2208 265 2266 aetatis
287 2205 418 2274 homines
443 2206 589 2274 transient:
618 2207 677 2266 acsi
702 2207 808 2266 diceret
831 2203 983 2300 Propheta,
1003 2203 1141 2284 quamdiu
1165 2203 1300 2262 vixerunt

134 2307 137 2312 ·
165 2285 309 2348 lsrailitaa
332 2303 406 2365 quos
428 2281 507 2346 Deus
531 2285 711 2360 liberaverat,
736 2306 793 2345 non
814 2293 942 2368 potuisse
960 2286 990 2344 in
1009 2281 1178 2364 obsequium
1197 2283 1299 2362 subigi.

105 2367 110 2377 “
166 2363 292 2444 Quidam
312 2364 431 2426 verbum
451 2369 497 2432 wi
524 2369 553 2430 ht
573 2372 697 2440 vertunt,
717 2365 903 2446 contemptui
922 2365 975 2423 lui:
1001 2363 1127 2424 Graecus
1150 2365 1300 2442 interpres,

165 2460 364 2524 κροσωχᾱισα,
385 2443 512 2504 lnlsnsus
529 2445 582 2518 lui,
600 2443 856 2518 velexacerbatus,
872 2443 920 2504 sed
931 2442 1051 2504 Hebraei
1062 2443 1216 2522 genuinum
1236 2461 1296 2502 sen·

165 2543 230 2584 sum
240 2531 347 2598 tenent,
367 2525 446 2603 quod
455 2521 536 2599 Deqs
546 2524 691 2604 litigando,
712 2513 1179 2586 continuumhabueritoertamen.
1210 2517 1299 2598 Quod

79 2667 87 2692 x
165 2603 291 2666 notabile
310 2607 453 2684 specimen
473 2602 528 2663 luit
547 2603 673 2684 perditae
692 2623 793 2668 eorum
812 2603 1016 2672 obstinationis.
1041 2601 1178 2662 iudicium
1199 2600 1299 2660 deinde

166 2703 252 2743 suum
272 2683 397 2763 proserta
427 2683 486 2742 acsi
506 2681 620 2758 diceret,
649 2681 805 2762 Postquam
830 2689 872 2742 tot
895 2680 988 2742 modis
1017 2700 1098 2740 suam
1116 2681 1298 2760 impietatem

151 2763 360 2844 prodiderant,
385 2764 537 2823 amentiam
556 2781 656 2824 eorum
681 2762 747 2843 plus
767 2763 835 2822 satis
854 2762 941 2822 luisse
965 2763 1117 2842 cognitam.
1156 2763 1299 2820 timorem

166 2863 235 2904 vero
254 2844 355 2904 cordis
373 2861 431 2902 non
442 2843 613 2902 extenuandi
633 2843 821 2924 causaponit,
840 2841 889 2902 sed
900 2843 1035 2900 vecordes
1055 2849 1084 2898 et
1104 2841 1217 2900 insanos
1236 2859 1298 2898 esse
1342 2880 1345 2888 ,

166 2923 346 3004 pronuntiat:
367 2923 424 2982 acsi
445 2921 559 2994 deeset,
579 2921 632 2981 sibi
650 2924 795 3002 negotium
806 2941 864 2982 non
883 2940 945 2980 esse
954 2941 1019 2982 cum
1040 2919 1298 2989 hominihussensu

129 3035 131 3053 ι
165 3003 213 3062 vel
232 2995 417 3082 intelligentia
436 3001 649 3082 praeditis„sed
668 3002 764 3084 potius
784 3000 964 3062 cumbcsliis.
985 2999 1108 3062 Additur
1118 3001 1200 3071 ratio,
1221 2999 1298 3078 quia,

111 3079 114 3088 “
166 3081 204 3141 ad
222 3087 268 3141 tot
287 3079 343 3143 Dei
374 3099 461 3161 opera
491 3082 592 3141 attenti
615 3101 673 3142 non
694 3081 808 3157 luerint,
837 3087 866 3141 et
895 3080 1045 3162 praecipue
1069 3079 1105 3138 ad
1131 3078 1298 3138 doctrinam.

165 3159 241 3222 Nam
261 3159 315 3220 sub
337 3179 408 3220 voce
427 3166 503 3256 ΤῚἸ
518 3161 722 3240 ,complectitur
746 3167 806 3232 lam
825 3159 930 3240 Legem
956 3165 985 3218 et
1005 3161 1152 3218 continuas
1166 3157 1296 3218 'admoni-

164 3243 268 3312 tiones‚
288 3259 374 3322 quam
396 3240 532 3302 miracula
552 3240 655 3321 quibus
674 3261 723 3301 eos
744 3238 825 3300 Deus
844 3240 993 3300 erudierat.
1017 3235 1184 3317 Miraigitur
1202 3255 1298 3296 amen·

164 3321 204 3382 lia
224 3319 288 3393 luit,
308 3341 399 3401 quum
418 3319 560 3382 Dominus
578 3319 752 3380 familariter
771 3319 924 3386 habitasset
943 3320 973 3377 in
987 3316 1081 3378 medio
1102 3319 1243 3396 ipsorum,
1263 3335 1298 3375 ac

164 3407 224 3460 tam
249 3396 337 3460 verbo
364 3413 450 3479 qam
471 3399 602 3480 operibus
622 3401 738 3461 illustris
762 3400 861 3460 luisset
886 3401 946 3458 eius
967 3397 1064 3479 gloria,
1085 3398 1186 3456 clausis
1207 3396 1298 3456 oculis

166 3481 261 3543 cornia
292 3481 460 3561 preteriisse.
500 3477 578 3540 Haec
608 3481 681 3540 ratio
711 3487 754 3540 est
779 3498 831 3540 cur
855 3498 955 3539 eorum
984 3483 1128 3557 torporem
1158 3477 1298 3538 amentiae

164 3556 280 3620 damn'et
299 3561 456 3641 Propheta:
477 3562 543 3639 quia
562 3561 593 3620 in
612 3561 690 3620 tanla
710 3560 772 3620 luce
795 3560 877 3640 qnasi
900 3557 976 3619 caeci
1000 3558 1163 3616 erraverint.

1319 139 1335 180 ⁸
1420 141 1425 148 .

246 3646 292 3702 at.
315 3647 415 3714 Quare
438 3647 545 3700 iuravi.
585 3637 617 3698 Si
642 3641 793 3699 relativum
814 3643 904 3708 'tht
929 3641 957 3696 in
978 3638 1094 3718 proprio
1119 3656 1204 3696 seusu
1223 3635 1298 3696 aoei-
1403 3629 1405 3632 ’

111 3771 117 3782 ,
165 3739 233 3800 pere
252 3721 348 3791 libeat,
368 3740 426 3779 non
445 3738 588 3800 repugno:
608 3713 691 3780 sicuti
710 3722 795 3778 etiam
811 3721 893 3778 multi
913 3723 1068 3776 verterunt.
1091 3715 1235 3776 'Graecus
1255 3716 1296 3772 in·

156 3809 275 3880 „terpres
301 3799 490 3859 similitudinis
519 3803 616 3858 notam
642 3817 704 3860 ease
729 3806 841 3878 puteas,
870 3797 990 3858 reddidit
1016 3794 1056 3870 ὥς,
1085 3795 1175 3856 illatio
1199 3801 1297 3854 tamen

165 3882 226 3940 visa
251 3887 295 3940 est
318 3899 376 3938 non
401 3879 474 3938 male
494 3877 648 3960 quadrare,
672 3899 731 3938 non
751 3878 829 3956 quod
848 3883 917 3936 tune
936 3877 1050 3936 demum
1071 3877 1173 3955 privati
1192 3874 1297 3936 luerint

165 3961 334 4042 prommissa
358 3958 531 4018 haereditate
565 3977 655 4036 quum
687 3955 780 4016 Deum
805 3964 975 4018 tentassent:
1005 3955 1055 4016 sed
1085 3962 1237 4036 postquam
1262 3953 1298 4012 de

93 4093 100 4108 χ
162 4059 265 4100 corum
286 4038 473 4098 obstinatione
497 4035 634 4115 loquutus
657 4043 700 4096 est
720 4033 776 4094 Pro
799 4035 866 4096 heia
887 4038 917 4096 in
943 4055 1065 4116 persona
1089 4033 1154 4107 Dei,
1179 4033 1296 4114 colligit,

165 4139 225 4178 non
245 4116 781 4198 frustrainterpositoinreiurandopro
805 4116 886 4178 'bitus
903 4117 990 4178 luisse
1010 4134 1027 4173 a
1048 4123 1140 4174 terrae
1160 4115 1302 4193 ingressu,

164 4198 290 4264 Assiduo
310 4199 386 4260 enim
405 4197 544 4256 scelerum
563 4215 714 4277 progressu
733 4197 801 4256 satis
828 4215 970 4277 superque
995 4195 1126 4267 innotuit,
1147 4197 1214 4273 quia
1234 4213 1296 4252 cor-

160 4278 217 4356 rigi
237 4277 316 4336 nullo
336 4275 423 4336 modo
443 4282 583 4356 poterant,
603 4296 662 4335 non
681 4283 787 4337 temere
806 4276 894 4336 luisse
914 4277 1057 4336 abdicatos
1076 4293 1092 4334 a
1114 4275 1210 4353 requie
1232 4271 1297 4332 Dei.

165 4355 277 4419 Clarior
301 4359 376 4420 enim
400 4358 453 4416 erit
477 4375 590 4432 sensus,
616 4355 639 4414 si
665 4355 741 4436 legas
761 4359 790 4416 in
816 4364 943 4438 tempore
969 4351 1298 4444 plusquamperfecto,
