2862 4888
195 283 259 351 ιε,
616 285 903 328 ιιιιιιιιιιιι

40 370 46 380 ¹
91 463 94 480 ,
194 404 269 473 sarii
287 402 341 470 tui
370 401 409 468 irs
431 400 539 470 madio
563 399 821 472 saumariorum
854 414 998 490 tuorum,
1031 415 1207 497 posuerunt
1239 405 1332 497 sigua
1383 447 1386 452 -

195 533 253 578 soa
274 509 370 599 signa.
416 507 446 574 5.
480 505 633 600 Cognitus
655 519 704 576 est
726 509 814 600 quasi
841 509 941 578 elatus
967 511 1001 576 in
1023 511 1173 596 sublime,
1201 510 1233 576 in
1263 533 1333 602 por·

91 661 95 670 ·
139 673 145 682 .
195 614 344 708 plenitate
366 611 442 704 ligni
462 634 598 682 secures.
643 613 674 680 6.
706 611 757 708 Et
775 638 860 684 nune
888 615 1066 706 sculpturas
1089 617 1157 686 eius
1179 615 1275 684 simul
1297 618 1333 684 in

196 718 325 813 bipenni
346 719 379 788 et
401 717 522 786 malleis
540 719 752 811 eonfringuot.
798 721 829 787 7.
854 720 1012 790 Miserunt
1033 723 1065 790 in
1088 723 1160 813 igne
1182 720 1333 790 Sanetus
1388 793 1391 820 4

197 828 240 897 ria
263 837 317 894 tua
339 823 378 892 ad
399 834 522 908 terram,
543 824 727 918 polluerunt
748 826 940 894 domicilium
954 811 1098 906 ,nominis
1120 827 1176 895 tui.
1217 829 1248 894 8.
1278 826 1334 893 Di-

197 920 314 1004 ¹uerunt
328 931 362 1000 in
380 930 474 1000 corde
490 953 561 1018 suo,
572 929 768 1024 Populemur
783 955 839 1017 eos
857 932 980 1024 pariter,
1002 933 1208 1004 incenderunt
1224 932 1333 1002 omnia

155 1071 159 1082 ¹
197 1036 411 1134 'tabernacula
432 1036 495 1106 Dei
516 1038 550 1124 in
571 1047 661 1106 terra.
721 1087 738 1131 ,

139 1197 144 1207 ’
277 1211 426 1272 Eruda'ane
443 1213 556 1292 Asopis.
600 1200 748 1292 loser'iptio
773 1183 905 1281 l'ttDltlt)
929 1161 1037 1294 'optime
1065 1218 1234 1294 argumento
1263 1173 1333 1274 eon-

198 1293 290 1366 venit,
320 1309 387 1351 nam
415 1291 469 1349 etsi
497 1289 692 1350 rebus‘laetis
720 1289 864 1351 interdum
892 1297 1022 1373 aptatur,
1051 1293 1134 1352 aienti
1163 1294 1257 1352 visum
1287 1299 1334 1352 est

78 1437 89 1448 ,
197 1371 313 1434 Psalmo
333 1370 395 1432 ta:
414 1375 447 1430 ut
466 1370 619 1452 plurimum
638 1376 735 1430 tumen
753 1369 888 1432 admonet
906 1389 1067 1434 sermonem
1086 1370 1184 1434 haberi
1203 1359 1241 1432 dd
1257 1372 1331 1432 iudi-

199 1449 315 1513 oiisDei
334 1449 437 1530 quibua
456 1455 597 1530 eoguntur
614 1450 646 1534 in
664 1449 773 1530 seipsos
791 1449 962 1512 descendere
980 1451 1119 1524 homines,
1138 1467 1246 1530 suaque
1265 1470 1334 1531 peo-

199 1539 264 1593 eata
283 1530 446 1590 examinare
466 1535 499 1588 ut
517 1548 549 1588 se
567 1548 663 1590 eoram
675 1528 739 1590 Deo
758 1529 916 1594 humilient.
935 1529 1083 1591 Psalmurn
1101 1550 1171 1590 vero
1190 1529 1335 1590 aDavide

141 1674 146 1687 ,
198 1631 260 1672 uon
278 1610 366 1703 luisse
385 1607 585 1688 compositum,
609 1628 646 1668 ex
666 1615 833 1746 ιιιέιιιιιειιιο
852 1609 989 1706 colligere
1004 1618 1171 1691 promptum
1191 1615 1243 1684 ast,
1263 1611 1334 1690 qnia
1373 1681 1379 1686 ¹

138 1741 140 1749 ⁴
199 1693 378 1844 liddepogrll
396 1688 1131 1848 allitaerndlbllnullle¹deirlllllel’uldpllbllbldnldollllllideat
1142 1688 1335 1854 ldldllemdrdd·

201 1850 307 1910 dictum
327 1851 464 1906 moueant
483 1846 560 1938 quod
581 1847 706 1907 nondum
726 1856 867 1908 evenerat.
907 1847 965 1908 Sed
991 1868 1082 1930 quum
1101 1847 1233 1908 Psalmos
1252 1867 1336 1908 oom-

201 1930 298 2011 plurea
319 1924 520 2006 prohabilesrt
538 1931 744 2006 postmortem
762 1925 882 1987 Doridis
900 1927 987 1988 luisse
1006 1929 1215 2008 compositore
1237 1927 1334 1988 direr-

201 2011 240 2070 sis
264 2005 441 2066 rumoribus:
471 2005 548 2066 hune
572 2012 660 2066 unuln
684 2025 746 2068 essa
770 2025 810 2066 ex
830 2025 951 2068 numero
974 2026 1034 2068 nou
1054 2003 1165 2068 dubito.
1208 2005 1253 2068 De
1272 2027 1335 2088 qua

201 2084 481 2154 tamenealamitata
505 2085 554 2147 bio
576 2091 727 2158 tractetur,
751 2105 810 2146 noo
834 2085 906 2148 adeo
931 2093 1042 2148 eertum
1066 2093 1118 2148 est.
1157 2085 1241 2148 Duae
1264 2094 1336 2148 eunt

202 2164 371 2230 sententiae:
442 2165 507 2234 danr
518 2165 594 2228 enim
608 2165 644 2224 ad
664 2164 743 2226 urbis
761 2171 791 2225 et
810 2167 909 2246 templi
927 2166 1069 2228 excidium
1088 2165 1223 2240 relatum,
1243 2181 1337 2248 quum

202 2245 326 2330 populus
344 2185 560 2326 traddotusfiuit
573 2243 749 2387 Babplllonem
769 2242 822 2304 soh
836 2243 1080 2308 Nabuehadneser.
1099 2245 1158 2308 Alii
1177 2247 1214 2306 ad
1233 2232 1337 2329 lampii

223 2325 428 2386 rofanationem
454 2344 527 2422 quae
550 2324 603 2385 sub
671 2325 766 2386 tioeho
791 2328 917 2407 contigit„
958 2325 1085 2408 Utraque
1103 2327 1211 2407 aliquid
1230 2327 1337 2387 colons

241 2405 302 2466 het:
321 2405 399 2487 prior
418 2405 534 2480 seibcet,
551 2405 632 2486 quod
651 2402 698 2464 hie
717 2404 868 2486 deplorant
885 2405 982 2466 fideles
1001 2427 1032 2466 se
1045 2409 1102 2466 iam
1117 2407 1231 2467 destitui
1246 2408 1335 2488 signis

203 2500 238 2548 ao
257 2483 420 2566 Prophetis:
445 2505 535 2564 quum
559 2485 626 2544 satis
651 2491 761 2544 constet
783 2487 913 2544 floruisse
936 2485 1042 2546 multos
1062 2483 1219 2566 Prophetas
1244 2507 1337 2566 quum

202 2565 341 2628 abductus
359 2565 390 2624 in
409 2567 527 2625 exitium
545 2563 599 2623 luit
618 2583 656 2642 po
678 2563 751 2622 rrius
789 2561 916 2622 Rursum
939 2566 1006 2644 quin
1026 2563 1115 2644 ‘paulo
1136 2571 1202 2625 aute
1221 2565 1337 2640 dieitur,

203 2651 306 2708 exusta
320 2643 408 2704 luisse
426 2641 603 2715 Sanetuaria,
623 2583 729 2703 deletas
748 2641 916 2722 sculpturas,
934 2651 965 2703 et
983 2643 1054 2704 nihil
1072 2644 1174 2725 integri
1192 2644 1339 2726 reliquum

203 2725 305 2788 fnisse:
324 2741 466 2788 non-mro
488 2723 539 2780 etit
557 2723 587 2780 iu
606 2719 741 2781 Antiochi
759 2723 905 2782 saevitiam
924 2741 959 2782 ae
977 2723 1166 2803 tyrannidem.
1208 2723 1339 2786 Tametsi

205 2806 281 2864 enirn
300 2802 438 2882 ternplum
469 2800 538 2861 oede
557 2800 659 2880 polluit
678 2799 812 2862 Gentium
832 2801 1087 2883 superstitionibus,
1115 2804 1219 2864 mansit
1235 2811 1340 2866 tamen

204 2883 316 2943 salvum
335 2879 503 2952 aediticium,
521 2879 652 2960 benigni
670 2887 740 2940 tune
758 2881 914 2962 flagrarunt
932 2881 1008 2962 ligna
1027 2889 1055 2942 et
1074 2883 1191 2963 lapides.
1223 2881 1339 2946 Obten·

206 2962 277 3023 duot
297 2959 413 3040 quidam
432 2979 484 3040 per
503 2957 670 3020 Sanetuaria
689 2958 808 3042 intelligi
825 2957 943 3042 Synago
963 2981 1004 3036 as,
1022 2961 1070 3023 uhi
1089 2959 1339 3043 nonllier'osoly·

204 3059 270 3103 urae
289 3039 384 3111 modo,
404 3039 453 3100 aad
471 3041 504 3099 in
522 3039 639 3120 reliquis
649 3037 768 3100 iudaeae
781 3040 898 3100 urbibus
912 3060 945 3100 so
956 3040 1041 3106 ebant
1059 3040 1156 3102 haberi
1175 3044 1247 3104 sarri
1267 3063 1339 3104 eon·
1390 3081 1391 3086 κ

205 3127 317 3182 ventus.
347 3117 421 3178 Fieri
441 3119 526 3180 etiam
565 3125 640 3180 otest
660 3124 692 3178 ut
708 3117 822 3192 fideles,
841 3119 941 3200 templi
959 3119 1128 3182 horrendam
1147 3124 1341 3184 vastationem
1390 3153 1391 3190 ι

206 3204 367 3269 cernentes,
392 3205 451 3258 tam
470 3199 499 3258 lu
520 3139 583 3259 ulla
602 3198 764 3279 spectaculo
782 3197 934 3275 admoniti,
957 3207 1066 3266 mentes
1084 3203 1170 3261 etiam
1188 3201 1343 3263 retulerint
1390 3235 1391 3264 ι

206 3280 243 3340 ad
267 3277 427 3338 incendium
450 3219 520 3338 illud
545 3297 603 3358 quo
628 3275 808 3359 absumptum
827 3278 921 3340 luerat
939 3299 956 3340 a
977 3277 1134 3354 Chaldaeis,
1158 3285 1245 3360 atqua
1265 3281 1341 3342 dues
1390 3333 1391 3346 ,

209 3357 302 3419 eludes
321 3358 406 3416 simul
425 3357 568 3436 'complexi
587 3357 652 3417 sint.
691 3357 734 3421 lta
753 3358 913 3419 oonieoturn
932 3358 986 3420 en't
1003 3361 1091 3440 magis
1111 3357 1279 3439 probabilis,
1300 3361 1342 3420 ad
1390 3377 1391 3380 ’

207 3435 682 3594 *illisillmhblliiilmlii
702 3439 986 3579 ttttttttt
1000 3445 1070 3576 iili
1080 3437 1342 3578 lttltttttt

208 3598 329 3693 ploeeat,
347 3563 431 3657 huius
451 3595 518 3656 nodi
537 3537 626 3655 fletus
645 3596 699 3655 erit
717 3537 837 3657 solutior
856 3598 923 3677 quia
942 3595 1008 3658 licet
1027 3538 1097 3658 tudo
1115 3597 1245 3655 viverent
1264 3592 1341 3654 lere-

101 3749 112 3754 *
154 3689 165 3704 ‘
207 3697 294 3750 uuas,
313 3661 453 3739 Ezechielx
464 3682 494 3734 et
513 3672 631 3746 Daniel,
650 3677 755 3736 seimus
773 3681 871 3736 husen
889 3677 970 3756 quasi
989 3676 1146 3736 vocationis
1164 3693 1233 3736 suae
1253 3693 1342 3734 eursu

208 3755 372 3898 perfunctos
391 3756 520 3850 tacuisse·
529 3755 566 3814 ad
585 3760 711 3850 tempus:
732 3755 823 3816 donee
841 3755 893 3816 suh
914 3755 989 3816 diem
1002 3754 1174 3815 liberationis
1190 3773 1289 3814 rursus
1309 3753 1342 3848 iu

209 3833 759 3994 erurrtttststurt
772 3823 1342 3988 ttrbrrhzstmtrns:

209 3985 307 4056 lamini
326 3993 465 4077 populum
485 4011 589 4060 meum,
609 3991 684 4054 dicet
697 3992 778 4054 Dens
797 4001 899 4054 vester.
919 3993 1047 4055 Verbum
1066 3993 1142 4053 enirn
1162 3991 1250 4052 luturi
1268 3997 1341 4052 tem-

199 4075 297 4159 poris,
315 4075 454 4136 indictum
471 4073 558 4134 tuisse
577 4069 726 4156 Prophetis
744 4074 900 4153 temporale
923 4073 1066 4134 silentium
1086 4070 1210 4133 denotat

291 4158 319 4216 1.
345 4158 384 4216 Ut
404 4155 476 4237 putat
493 4155 584 4214 Dera.
605 4151 637 4212 Si
656 4153 727 4212 haee
746 4153 921 4233 querimonia
941 4154 1049 4234 scripta
1062 4147 1117 4212 luit
1135 4150 1166 4212 in
1184 4151 1270 4212 exilio
1286 4148 1341 4211 ua·
1390 4195 1391 4228 ,

210 4231 358 4311 hylouieo,
391 4233 521 4314 quamvis
551 4251 642 4292 annm
671 4232 894 4316 septuagesimus
922 4230 1123 4312 redemptionis
1153 4231 1272 4312 praeseri
1294 4235 1341 4290 tue

210 4311 310 4372 fuisset
330 4332 346 4372 a
366 4311 497 4384 Ieremia,
521 4312 626 4371 mirum
645 4317 739 4372 tamen
757 4331 817 4371 non
836 4319 881 4372 eat
899 4317 958 4371 tam
977 4311 1080 4391 longae
1099 4329 1197 4372 morae
1215 4251 1340 4370 taedium

109 4481 119 4500 Ι
210 4391 363 4474 plusquam
381 4391 516 4458 eeerbrun
534 4391 630 4468 luisse,
650 4398 681 4454 ut
701 4391 828 4472 quotidie
846 4391 1072 4472 ingemisoereut,
1083 4409 1127 4455 ne
1144 4396 1204 4452 bru
1222 4389 1339 4471 tongum
