2874 4888
537 261 579 300 iu·
610 259 771 318 isauri,
796 261 877 304 xciii.
991 249 992 259 ’
1219 274 1271 328 163

135 400 225 464 qnam
245 381 407 464 promiscuo
427 381 573 463 quoslibet
589 402 606 443 e
625 383 722 464 vulgo.
748 381 786 444 Et
805 391 883 446 certe
902 381 1015 448 ridetur
1032 407 1082 450 eos
1102 387 1138 450 aii
1158 391 1271 486 plebem

135 461 273 542 relegare,
294 469 327 520 iit
345 459 398 520 sibi
418 464 447 522 iu
467 481 519 522 sua
538 463 687 524 altitudine
706 463 817 545 placere
836 465 976 524 desinant:
998 468 1050 527 nisi
1066 469 1142 548 quod
1163 474 1271 534 ironice
1346 506 1349 522 ι

135 561 238 602 eorum
257 542 438 604 eminentiam
458 542 634 623 perstringit:
663 546 720 602 acsi
740 543 860 616 diceret,
889 544 944 604 hac
967 549 1091 608 inanime
1116 558 1184 610 uota
1208 572 1270 614 esse

135 621 320 701 conspicuos,
338 619 417 701 qnod
436 621 562 702 reliquos
582 642 681 684 omnes
700 623 818 682 stultitia
838 631 985 705 superent,
1005 646 1090 706 qnam
1111 629 1163 688 alia
1184 631 1271 700 etiam

135 704 247 760 ratione
266 707 432 782 exaggerat,
463 702 540 780 quod
565 702 594 762 iu
618 721 651 762 ca
677 702 856 782 pertinaciter
875 711 1021 777 maneant,
1051 704 1078 764 id
1099 710 1173 768 euim
1195 712 1270 774 valet

134 782 334 862 interrogatio,
360 781 488 856 Quando
508 783 625 842 tandem
644 786 783 864 sapietis.²
812 780 933 842 Videtur
952 785 1075 862 quidem,
1097 785 1164 846 dum
1184 791 1270 849 inter·

135 867 236 940 rogat,
265 865 316 922 An
335 884 397 922 iioii
415 862 531 922 audiret
551 864 634 922 Deus
653 869 704 946 put
728 883 817 922 aures
831 859 994 942 formauit!
1022 864 1121 944 frigide
1145 887 1270 930 asserere

134 948 237 1000 eontra
259 941 378 1020 impios,
395 937 454 1002 Dei
480 940 700 1021 providentiam:
730 941 797 1020 quia
820 961 905 1001 nemo
924 949 984 1002 tarn
1003 943 1137 1007 bailiarus
1157 956 1200 1008 est
1220 951 1270 1028 qui

133 1017 201 1080 Deo
227 1021 419 1100 cognitionem
443 1017 526 1100 plane
550 1019 693 1087 detrahat:
722 1021 787 1092 sed,
816 1022 1055 1100 quemadmodum
1085 1045 1122 1086 uu
1145 1046 1175 1086 er
1201 1027 1270 1102 dixi,

133 1107 196 1162 iim
223 1118 317 1160 crassa
342 1099 472 1172 audacia,
502 1102 529 1159 iii
555 1118 612 1180 qua
636 1099 689 1158 sibi
709 1100 835 1182 indulget
853 1103 945 1163 maior
963 1123 1027 1182 pais
1047 1048 1160 1180 mundi,
1189 1109 1271 1168 tastis

133 1186 194 1254 est,
218 1181 338 1260 eosqui
358 1185 536 1241 tamseeure
556 1187 653 1240 contra
675 1177 771 1240 Deum
795 1181 923 1255 irruunt,
947 1183 1008 1241 cius
1033 1183 1097 1242 loco
1122 1186 1269 1266 imaginari

132 1267 283 1322 mortuum
302 1258 421 1332 idolum,
441 1260 506 1338 quia
527 1259 551 1318 si
571 1260 645 1318 serio
654 1261 781 1339 persuasi
796 1267 899 1334 essent,
920 1259 955 1320 ab
971 1281 1067 1322 eosua
1079 1263 1269 1347 lactandipici

133 1346 166 1400 et
185 1340 293 1412 notari,
318 1358 377 1398 non
403 1340 496 1403 miuus
520 1337 620 1398 saltem
645 1337 760 1399 honoris
780 1340 806 1399 ei
826 1339 966 1400 deferrent
986 1360 1071 1421 quam
1093 1345 1268 1420 mortalibus,

134 1439 259 1502 quorum
283 1423 362 1478 metu
387 1425 417 1478 et
441 1418 598 1478 reverentia
624 1437 641 1478 a
666 1419 810 1499 peccando
834 1417 1029 1500 prohibentur.
1070 1420 1135 1482 Nou
1160 1425 1210 1484 abs
1236 1445 1268 1486 re

132 1501 222 1580 igitur
241 1497 386 1580 Propheta
406 1495 443 1558 ad
461 1497 663 1558 excutiendum
686 1497 765 1558 hunc
777 1505 928 1578 ,torporem
948 1501 1131 1562 ratiocinatur
1149 1521 1166 1562 a
1186 1513 1267 1564 natu·
1323 1533 1327 1544 .

133 1578 184 1640 'rae
209 1579 322 1652 ordine,
346 1597 437 1656 quum
461 1575 589 1637 homines
609 1579 673 1636 risu
697 1585 727 1637 et
751 1578 992 1659 anditua'praediti
1011 1583 1080 1640 iiiut:
1111 1583 1175 1662 quia
1196 1583 1267 1646 hacc

104 1659 190 1722 ,titii
209 1657 329 1720 facultas
347 1675 366 1716 a
386 1655 451 1718 lleo
470 1657 574 1738 opifico
592 1657 695 1718 collata
715 1663 773 1730 est,
796 1656 857 1717 lieri
877 1675 935 1718 non
956 1679 1040 1741 posse
1060 1667 1092 1720 ut
1112 1665 1267 1744 quicquain

133 1757 202 1824 gum
221 1741 307 1798 lateat
326 1738 377 1817 qui
395 1743 455 1798 tam
474 1755 558 1798 sures
577 1755 664 1816 quam
683 1735 783 1798 oculos
802 1739 919 1798 creavit.
1147 1801 1150 1806 ,
1219 1765 1223 1774 ¹

215 1821 264 1880 10.
300 1823 360 1894 Qui·
379 1825 484 1897 arguit
507 1826 618 1900 gaitsa
658 1815 866 1897 Argumentum
887 1823 930 1878 est
949 1837 965 1878 a
986 1820 1087 1880 maiori
1107 1819 1142 1880 ad
1162 1821 1267 1898 minus,

132 1898 196 1962 tien·
215 1917 274 1958 non
294 1917 378 1978 posse
398 1903 431 1958 ut
449 1895 530 1958 Dciis
549 1899 600 1976 dui
619 1897 687 1957 totis
706 1897 822 1991 populis
841 1917 900 1958 non
920 1899 1024 1978 parcit,
1049 1899 1099 1960 sed
1122 1901 1284 1963 ulciscitur
1341 1895 1362 1948 Ἀ

131 1998 235 2040 eorum
259 1983 389 2056 peccata,
418 1996 525 2057 paucos
550 1975 680 2036 homines
704 1977 860 2055 impunitos
880 1983 1047 2114 praetereat.
1090 1977 1175 2056 Quaii
1197 2001 1265 2048 uani

132 2064 231 2140 posset
254 2058 339 2116 etiam
366 2076 427 2118 esse
448 2057 581 2118 Gentim
606 2057 782 2136 comparatio
801 2075 867 2115 cuin
903 2056 1007 2116 udaeis.
1046 2055 1121 2118 Nam
1141 2061 1164 2120 si
1214 2081 1265 2122 ens

133 2135 330 2232 ergaGentea,
348 2134 432 2276 legis
452 2155 520 2232 supe
539 2135 660 2216 ignaras,
679 2133 858 2230 seueritatem
877 2135 1097 2232 exercet-digpi
1116 2146 1184 2198 sunt
1202 2159 1266 2220 gra·
1307 2209 1313 2216 Ι

133 2214 260 2276 rioribus
278 2233 378 2296 poeuis
412 2215 494 2275 udaei
513 2223 585 2295 quos
606 2211 687 2273 Deus
712 2235 741 2274 iri
761 2232 812 2273 sua
831 2212 929 2274 schola
948 2214 1122 2276 familiariter
1140 2217 1264 2293 edocuit,

133 2297 204 2380 quia
222 2295 302 2354 sicuti
323 2295 413 2358 electo
434 2294 541 2434 populo
562 2291 726 2375 praesidet:
740 2291 780 2353 ita
804 2311 928 2372 aequum
948 2293 1069 2354 estillic
1089 2294 1191 2356 clarius
1210 2297 1265 2357 lul·

134 2393 202 2458 geie
220 2375 281 2446 eius
299 2375 444 2436 iustitiam.
500 2394 537 2459 go
556 2381 652 2444 tamen
671 2374 795 2452 priorem
814 2389 930 2454 sensum
948 2373 1082 2434 libentius
1100 2375 1266 2456 amplector,

131 2453 213 2536 quod
236 2454 322 2514 stulte
346 2456 544 2536 impunitatem
564 2453 616 2512 sibi
637 2455 803 2532 promittant
823 2453 904 2532 pauci
924 2451 1069 2524 homines,
1100 2457 1149 2532 qui
1170 2453 1266 2516 Deum

66 2557 70 2576 ¹
130 2533 230 2594 vident
247 2531 376 2615 publicas
396 2533 432 2596 de
445 2535 559 2596 nuncin
570 2532 709 2594 Gentibus
728 2531 837 2614 poenes
856 2533 979 2614 exigere.
1003 2529 1190 2614 Rostringnnt
1208 2534 1265 2596 lioo

131 2613 250 2695 qnidam
273 2612 310 2673 ad
335 2615 386 2672 inii
408 2634 457 2674 nes
482 2621 511 2676 et
535 2611 732 2676 memorabiles
752 2611 889 2672 vindictas
913 2613 1035 2694 quaein
1055 2611 1204 2692 Scriptura
1224 2615 1266 2674 le-

170 2700 251 2754 ntur:
272 2692 370 2773 quales
389 2635 505 2754 luerunt
524 2713 613 2774 quom
629 2691 710 2752 Dens
725 2689 883 2752 Sodomam
902 2691 967 2772 igne
986 2689 1103 2753 coelesti
1121 2699 1150 2754 et
1169 2698 1264 2754 totum

151 2792 289 2840 umanum
309 2793 399 2852 gorius
418 2774 526 2834 diluvio
546 2773 678 2854 perdidit,
697 2769 771 2834 Gen.
791 2790 853 2852 cap.
869 2773 917 2834 ts,
938 2778 968 2832 et
983 2771 1010 2832 7.
1031 2769 1089 2831 Sed
1106 2771 1266 2852 simplicius

129 2853 261 2934 accipere
280 2853 370 2924 mulo,
400 2855 483 2914 nimis
522 2873 665 2914 erversam
685 2871 784 2912 eorum
806 2851 1024 2924 contumaciam,
1055 2852 1105 2932 qui
1126 2851 1265 2934 populum

127 2930 313 3014 pereuntibus
332 2933 427 2993 salvos
446 2951 478 3000 ae
496 2875 560 2994 lbra
578 2931 734 2992 ooulidnut.
775 2929 863 3008 Quod
883 2937 981 3011 postea
1000 2929 1079 2992 addit
1097 2938 1194 3012 ipsum
1213 2935 1266 2992 do·
1334 2977 1347 2988 ,

128 3036 194 3080 osi-e
213 3015 343 3074 bominac
361 3021 522 3087 sarmitum,
542 3011 580 3071 ad
598 3011 840 3092 perstringendam
858 3029 958 3070 eorum
974 3008 1172 3072 confidentiam
1189 3011 1267 3072 valet

128 3095 180 3172 qui
200 3111 239 3151 ex
257 3087 315 3150 Dei
334 3100 502 3172 contemptu
523 3091 635 3152 laudem
656 3093 792 3153 acuminis
812 3089 859 3148 vel
883 3090 1003 3150 astutiae
1028 3108 1061 3150 ca
1084 3096 1157 3150 tant:
1183 3092 1267 3154 sicuti

126 3169 361 3244 lesaias29,'15.
382 3173 479 3232 salros
499 3173 568 3232 istos
587 3176 797 3250 contemptores
816 3167 958 3228 maledicit
977 3169 1026 3248 qui
1047 3110 1098 3228 sibi
1119 3171 1265 3230 cuniculos

127 3249 248 3326 lodiuut,
262 3248 364 3330 quibus
386 3271 417 3312 se
436 3251 610 3312 abscondant
624 3250 707 3310 aDei
728 3248 826 3310 oculis.
846 3247 944 3328 Atque
964 3249 1071 3308 utinam
1090 3245 1146 3308 hoc
1165 3250 1266 3310 morbo

127 3349 208 3393 uuiic
227 3349 344 3410 quoque
364 3333 487 3392 mundus
506 3351 565 3392 nou
585 3335 714 3391 scateret.
740 3328 796 3388 Scd
817 3329 947 3388 videmus
967 3325 1070 3407 quibus
1089 3327 1267 3408 integumen-

128 3412 166 3470 tis
186 3417 245 3470 tam
266 3411 350 3470 aulici
370 3411 514 3485 homines,
540 3429 626 3490 quam
647 3409 773 3470 soi-enses
794 3427 859 3468 suas
880 3412 989 3468 mentes
1008 3405 1208 3483 obtenebrant,
1234 3415 1284 3468 ut.
1353 3478 1359 3492 .

129 3489 193 3568 pirre
213 3487 273 3549 ullo
293 3490 403 3571 pudore
422 3491 595 3550 subsannare
615 3487 709 3549 Deum
731 3487 861 3550 audeant.
887 3484 948 3546 Vos
967 3485 1083 3560 scilicet,
1102 3487 1203 3568 inquit,
1222 3489 1264 3546 iri.

127 3569 220 3648 geniis
240 3571 343 3630 vestris
363 3570 472 3644 conlisi,
493 3565 588 3632 Deum
609 3569 722 3638 eludere
740 3567 870 3626 tentatis:
896 3565 977 3646 quasi
997 3571 1123 3626 veebum
1143 3569 1179 3626 iit
1198 3585 1266 3626 eum

125 3649 463 3792 fflffiffsslbbblib'rqui
476 3669 515 3711 ex
534 3669 586 3711 iiia
605 3648 779 3731 plenitudine
798 3646 916 3727 exiguas
935 3651 1046 3706 tantuin
1065 3645 1266 3776 particularia
1334 3738 1337 3746 ,

218 3893 271 3960 11.
294 3893 412 3962 leliovn
435 3892 526 3960 novit
548 3891 752 3985 cogitationes
772 3888 940 3958 hominum
963 3887 1050 3979 quod
1071 3911 1170 3957 vanas
1192 3887 1263 3956 sint.
1321 3951 1327 3958 .

126 3998 181 4066 12.
203 3997 324 4066 Beatus
345 4001 394 4068 vir
416 4021 515 4090 quern
540 3997 690 4066 erudieris
713 3996 811 4077 Deus,
833 4005 866 4062 et
887 4019 904 4061 a
922 3993 1009 4086 Lege
1030 4005 1084 4060 tua
1107 3991 1263 4060 docueris:

125 4105 181 4171 13.
210 4103 261 4172 Ad
282 4105 503 4198 praestandam
526 4105 562 4198 ci
578 4105 717 4196 quietem
739 4127 758 4170 a
780 4101 889 4170 dicbus
911 4101 1003 4186 mali,
1031 4099 1107 4166 dum
1129 4097 1265 4166 fodiatur

122 4210 278 4280 scelerato
300 4212 402 4282 fovea.
455 4287 467 4302 .

205 4359 255 4420 11.
286 4359 395 4418 leliooo
415 4363 506 4418 novit
536 4310 658 4414 'Rursus
677 4353 794 4444 insultat
814 4352 960 4490 bomippip
981 4346 1105 4422 fallaciis,
1125 4347 1175 4427 qiii
1196 4347 1263 4406 dum
1368 4345 1385 4374 ‘
