2884 4886
160 269 266 342 '234
562 277 565 286 ’
636 281 926 338 ποππνιππι(

213 407 297 468 rimu·
327 403 414 486 paulo
437 409 505 486 poet
527 403 632 500 ilerum
651 401 776 476 diuetur,
805 405 1023 498 Domiuomue'n
1041 405 1137 498 medlo
1156 411 1355 502 teia-morarer

212 481 1354 652 attolit‚lugdttitidtttztttt“titultlffit

211 649 262 724 15,
280 645 328 708 24.
348 641 518 705 traditurum
537 648 606 701 tuno
626 639 690 702 Deo
706 647 739 700 et
758 637 837 702 Patri
856 659 974 736 repnnrp
995 642 1073 720 quod
1093 643 1205 723 aoeepit
1223 661 1263 704 ex
1284 647 1351 706 eine

107 747 112 764 ·
211 745 314 788 mauu:
334 723 383 784 eed
403 721 447 782 hir
466 719 560 781 verbia
579 739 637 781 nou
656 720 786 801 iutelligit
805 720 936 802 deponito
955 721 1076 802 imperio
1096 724 1179 802 quari
1199 726 1350 803 privatum

165 841 167 853 .
211 807 358 900 homiuem
383 802 457 896 lore:
482 807 593 862 lentum
606 799 750 896 'regnapdi
769 801 887 896 modum
907 799 1053 880 designet,
1072 799 1158 940 pund
1173 801 1288 898 puilioet
1307 803 1349 864 (13.

211 889 280 948 vina
302 901 363 944 ema
388 887 520 940 mmoetae
539 897 629 960 magua
649 897 803 960 ooneproua
822 886 885 940 errt.
915 877 1052 940 Ceterum
1091 881 1197 941 eeolre
1215 882 1349 963 reprobus

210 965 259 1027 bio
277 963 310 1024 lit
328 962 445 1033 mentio,
465 961 516 1041 qui
534 959 564 1021 iu
583 977 665 1020 amur
684 959 836 1039 perniciem
850 957 956 1020 oaduut
969 957 1141 1028 eubChrieti
1156 960 1257 1042 peden:
1278 965 1348 1044 quia

210 1042 302 1124 ‘quum
322 1040 488 1102 naturaliter
507 1037 627 1099 Cbrieto
642 1045 782 1134 repupuet
800 1045 894 1099 totum
913 1036 1070 1117 bumuuum
1090 1059 1195 1122 genua,
1210 1040 1285 1100 aliua
1305 1043 1348 1103 aio

210 1123 308 1186 domat
332 1127 362 1180 et
386 1118 517 1179 humiliat
539 1120 569 1178 in
588 1119 780 1178 volumnum
800 1117 983 1198 obrequium,
1009 1123 1042 1178 ut
1061 1117 1163 1179 deinde
1181 1119 1297 1182 attollat
1315 1121 1347 1182 in

208 1205 374 1341 pooiettptuu
393 1218 463 1261 auae
481 1197 602 1280 gloriae:
620 1197 692 1260 ulioa
711 1203 807 1258 antem
825 1197 988 1287 proetorult,
1008 1204 1043 1260 ut
1060 1200 1091 1259 in
1109 1198 1346 1282 ruinaperpetuo

206 1299 325 1346 rancun.
652 1289 656 1304 ⁴
1269 1323 1277 1346 r

287 1366 316 1422 2.
338 1365 492 1441 Sceptrone
515 1366 644 1420 uirtutis.
687 1355 754 1420 Non
777 1356 865 1419 modo
889 1355 952 1417 aliie
975 1355 1068 1419 verbis
1093 1357 1246 1420 coufirmat
1263 1359 1345 1439 qnod

206 1461 300 1524 nuper
323 1439 408 1500 dixit:
432 1437 483 1498 red
507 1437 584 1499 addit
603 1437 658 1498 boo
698 1456 793 1517 noque
812 1437 949 1518 emplius,
976 1437 1061 1516 louge
1080 1437 1195 1518 lateque
1214 1438 1342 1500 domina-

206 1529 304 1582 turum
332 1536 394 1578 eree
413 1517 574 1580 Christumr
603 1519 670 1598 quia
720 1536 771 1578 ena
799 1524 946 1598 aoeptrum
975 1517 1036 1576 eiua
1066 1517 1166 1596 prooul
1195 1519 1341 1580 extendet

207 1601 381 1681 Quanquam
406 1601 501 1657 aulem
521 1594 617 1657 Durld
640 1597 745 1657 multus
770 1613 808 1656 ex
832 1597 932 1657 vioiuia
956 1594 1086 1677 gentibue
1105 1596 1158 1658 eibi
1177 1596 1342 1658 tributariae

205 1682 287 1754 iecit,
311 1679 336 1737 si
358 1685 454 1736 tamen
473 1675 619 1736 eouiertur
637 1674 870 1736 aliiaMonarubie
889 1678 950 1736 eiue
969 1693 1099 1754 reguum,
1118 1694 1232 1756 aeruper
1250 1677 1339 1738 inolu-

205 1779 270 1820 eum
290 1757 344 1818 luit
363 1757 489 1836 augustie
509 1754 620 1815 finibua.
641 1753 747 1816 Subest
766 1762 863 1816 autem
882 1752 1037 1830 eutillteaie,
1056 1755 1114 1816 auri
1133 1755 1260 1830 dixisset,
1280 1776 1339 1817 uon

203 1841 236 1900 iu
255 1843 354 1898 moute
372 1834 443 1895 Sion
463 1835 603 1895 duntaxat
623 1833 768 1895 Christum
787 1834 848 1895 lore
867 1833 991 1914 Regem,
1017 1837 1085 1916 quia
1105 1833 1187 1894 Deua
1207 1836 1337 1916 amplitu-

205 1919 302 1979 dinem
325 1917 387 1976 eiue
406 1915 436 1974 in
455 1914 626 1995 longinquee
644 1907 743 1975 mundi
763 1913 861 1995 plagae
879 1913 1024 1974 extendet.
1052 1914 1151 1995 Atque
1170 1913 1234 1974 ideo
1254 1935 1337 1975 voer-

204 2005 255 2059 tur
282 2002 427 2076 eeeptrum
451 1995 607 2075 potentiaer
637 1995 705 2075 quia
727 1991 784 2054 hoo
809 1992 936 2054 mirabile
960 1993 1029 2069 luit,
1059 1999 1123 2054 toto
1145 1993 1205 2054 lere
1228 1995 1337 2056 mundo

204 2081 381 2220 tutti
420 2073 763 2212 liri'g‘dddflill'di?
782 2071 893 2213 llll
907 2091 1052 2212 ‘iiiii
1071 2073 1336 2214 mutat

204 2240 258 2320 qui
275 2255 306 2296 ee
325 2235 443 2304 efferent
463 2231 498 2292 ad
510 2175 689 2293 ¹burbaudum
710 2193 816 2292 chr’tut
835 2249 965 2312 reguum,
984 2238 1071 2372 atqhue
1090 2232 1335 2294 interlorruidabi-

202 2319 246 2380 lea
269 2314 424 2388 tumultur,
452 2311 611 2373 laberoeutr
642 2310 766 2394 quia1ed
785 2311 920 2372 tuendam
938 2313 1012 2371 eaeri
1052 2313 1115 2372 uiue
1133 2311 1198 2372 eolii
1217 2313 1334 2394 gloriam
1424 2357 1425 2368 ,

202 2391 429 2476 inexpugnabilia
449 2389 505 2452 Dei
527 2393 654 2473 potentia
673 2411 704 2452 ee
723 2397 849 2452 exseret.
873 2388 997 2470 Quoliee
1016 2409 1083 2472 ergo
1102 2392 1244 2471 egitamur
1262 2395 1334 2470 iuter
1424 2389 1425 2399 ’

202 2478 296 2536 varias
315 2471 555 2554 perturbationes,
580 2469 721 2532 diseamus
740 2473 769 2531 iu
789 2471 864 2532 hano
883 2469 1021 2530 luituram
1039 2471 1219 2544 recumbere,
1245 2491 1332 2552 quau·

200 2555 308 2618 tumria
327 2552 447 2612 insaniat
466 2551 599 2625 muudue,
615 2569 677 2615 nou
696 2569 758 2610 erre
776 2557 836 2611 tarn
855 2550 955 2630 longae
974 2551 1001 2610 ei
1020 2569 1122 2611 muuua
1142 2557 1174 2611 ut
1188 2551 1332 2612 Christum

202 2623 334 2696 detrabat
352 2650 370 2692 e
388 2630 482 2690 Putrie
501 2631 627 2704 dexteru,
646 2631 703 2691 iam
723 2631 789 2711 quia
809 2651 868 2690 uon
887 2631 941 2690 eibi
960 2636 1059 2710 regnat
1073 2627 1215 2708 Christus,
1234 2632 1332 2694 nediu

200 2715 321 2777 ealutem
346 2716 487 2771 noetrarn:
511 2728 564 2770 noa
589 2709 643 2769 eub
662 2711 759 2769 iuvloti
779 2707 866 2790 Regia
885 2710 1014 2770 ouetodie
1032 2715 1111 2770 lotoe
1130 2717 1159 2770 et
1177 2712 1332 2773 iuoolumea

200 2795 272 2857 lore.
300 2790 354 2852 Eat
373 2788 487 2869 quidem
507 2808 606 2874 arpenn
625 2788 697 2849 baeu
715 2787 855 2862 oouditio,
874 2789 924 2848 eod
943 2791 1011 2868 quia
1030 2787 1096 2851 Ded
1116 2785 1211 2852 duum
1228 2797 1281 2864 eet,
1301 2798 1332 2850 ut

199 2893 255 2936 που
279 2871 415 2932 contiuuo
434 2869 532 2930 militia
551 2873 696 2944 exeroeat,
722 2866 830 2928 Christi
853 2887 972 2948 reguum
996 2870 1175 2930 droumdare
1194 2870 1330 2944 hortibus,

222 2969 334 3012 uremur
356 2965 409 3008 noe
433 2947 469 3006 ad
492 2947 672 3008 tolerantiam
696 2953 725 3006 et
748 2948 1003 3009 nomenoium.
1032 2946 1090 3010 Dei
1109 2958 1205 3010 autem
1225 2953 1329 3031 praeei-

198 2975 249 3093 dio
268 3029 349 3102 inuti,
375 3026 513 3106 intrepide
533 3027 620 3088 totiue
639 3026 740 3087 muudi
759 3027 849 3088 furori
868 3027 1045 3090 iurultemue.
1084 3027 1160 3088 Hine
1178 3032 1264 3090 etiam
1283 3030 1329 3088 eli-

199 3113 275 3172 oitur
294 3107 429 3168 Gentium
448 3107 572 3182 rooetio,
591 3107 646 3168 uisi
665 3107 742 3167 euim
761 3107 970 3188 pronuntiasset
990 3107 1071 3168 Deua
1089 3107 1168 3188 quod
1187 3109 1235 3169 hie
1254 3109 1330 3172 eudi-
1359 3108 1364 3117 “
1423 3173 1424 3182 χ

92 3221 94 3234 =
198 3209 264 3254 mua
283 3188 322 3248 de
339 3185 525 3268 amplitudine
542 3187 621 3266 regui
641 3185 757 3259 Christi,
776 3206 834 3247 non
853 3205 980 3248 essemus
993 3187 1077 3248 bodie
1090 3189 1200 3248 exeiue
1209 3187 1328 3269 populor
1423 3259 1424 3270 χ

198 3270 249 3330 ned
280 3267 347 3350 quia
378 3271 462 3346 rupta
491 3268 613 3328 moceria
642 3268 854 3348 promulgatum
872 3266 928 3326 luit
947 3265 1148 3347 Evangelium,
1177 3270 1208 3328 iu
1226 3287 1328 3349 eorpus

198 3345 476 3488 E⁰⁰¹J⁸³⁸⁰dff¹¹im⁰⁸
505 3346 629 3408 oolleotia
658 3354 689 3408 et
713 3348 802 3408 virtue
822 3345 930 3408 Chrieti
954 3347 990 3408 ad
1014 3365 1068 3408 noa
1088 3347 1278 3429 protegendo·
1296 3367 1328 3408 ae

196 3439 264 3492 tuen
284 3447 317 3488 os
356 3426 447 3486 inea.
710 3485 717 3499 ,

277 3512 307 3570 3.
326 3507 463 3587 Populea
480 3513 559 3566 turre.
588 3503 643 3566 llio
662 3525 781 3587 regnum
801 3505 912 3568 Gbrlati
927 3509 987 3566 taur
1006 3524 1023 3567 a
1042 3513 1177 3587 prompta
1194 3511 1225 3568 et
1244 3505 1326 3568 alteri

198 3587 357 3650 obedientia
387 3584 490 3645 subditi
519 3586 633 3666 populi,
663 3605 750 3666 quarn
779 3585 1007 3646 emollitudine
1035 3586 1167 3646 celebrat
1217 3583 1326 3646 Nomen

158 3741 160 3748 Α
198 3670 316 3740 nm)
339 3683 424 3745 saepe
449 3663 605 3725 oblationes
628 3673 798 3745 epoutuneee
820 3665 972 3746 aigulliout:
995 3665 1045 3726 aed
1070 3665 1127 3726 hoe
1144 3666 1210 3726 loeo
1228 3685 1325 3726 uenere

197 3753 252 3820 est,
271 3747 394 3806 electum
415 3743 562 3828 populum,
582 3751 611 3804 et
631 3746 681 3824 qui
700 3764 768 3806 vere
786 3747 816 3805 in
836 3745 942 3806 Christi
961 3764 1045 3827 grege
1064 3751 1207 3820 uoueetm,
1225 3745 1324 3806 volun·

197 3827 303 3888 tarium
322 3824 398 3894 lore,
423 3828 455 3882 ut
474 3829 576 3903 aponte
594 3831 625 3884 et
643 3824 851 3886 liberaliter.ud
872 3827 1029 3906 parendum
1048 3844 1079 3886 ee
1099 3825 1209 3886 offerat.
1247 3823 1326 3886 Diu't

196 3913 309 3978 autem,
333 3911 366 3963 te
390 3903 437 3962 dte
461 3909 622 3977 audem,
646 3904 702 3964 hoe
721 3909 765 3964 eat
824 3906 896 3964 otlee
914 3911 1035 3986 agentur
1053 3905 1185 3966 eoleuuee
1203 3924 1325 3964 couren-

71 4013 79 4024 ·
195 3993 242 4044 tue
267 4001 302 4045 ae
320 3983 453 4063 legitimi,
481 3981 529 4042 vel
547 3980 611 4042 Rex
631 3983 770 4064 populum
801 3991 910 4044 uetrere
929 3985 1024 4058 volet,
1043 3984 1123 4066 quod
1138 3983 1251 4046 Gullioe
1270 3985 1324 4046 diei

196 4070 303 4144 poaret,
320 4067 374 4122 Au
392 4063 520 4122 ioordea
538 4073 689 4123 momtree.
719 4063 777 4124 Alii
796 4070 925 4140 vertunt,
943 4063 976 4124 ln
996 4064 1041 4128 die
1061 4065 1187 4125 virtulim
1210 4065 1261 4125 eod
1278 4065 1324 4124 illa
1422 4139 1423 4144 ἵ

195 4141 765 4282 Pltt¹tt⁰tt'·¹lt„t‘¹l:,tt⁸lt²“
778 4143 1323 4286 ldllliuidlibll‘dhd'll

109 4337 114 4343 -
195 4239 253 4358 bur.
293 4239 467 4392 lteindeoedt
494 4241 598 4360 iterdm
627 4241 776 4367 coudrurddt
803 4301 935 4386 Regnum
966 4303 1022 4365 boo
1131 4323 1245 4366 murum
1258 4243 1323 4366 ⁶enare

195 4376 362 4457 prouolue,
391 4377 470 4440 addit
487 4381 704 4460 plumeum
727 4383 773 4444 vel
796 4382 899 4450 deeora
922 4393 1104 4463 comeatu,
1131 4386 1191 4446 nori
1210 4386 1323 4462 uiuent,
