2890 4886
189 285 243 341 205
561 257 565 260 ’
617 265 904 334 uolonsus
999 346 1002 354 ,

191 407 226 470 sd
250 427 334 468 suum
360 407 471 468 finem..
494 405 555 468 Etsi
578 413 674 468 autem
697 427 814 469 nomme
832 425 892 470 uon
913 409 969 470 luit
986 407 1190 490 lerosolymam
1208 411 1325 476 adraen-

191 489 258 556 dere
277 490 440 568 quicunque
460 488 496 546 ad
516 486 661 547 Christum
681 491 811 549 moverat
830 497 911 564 sunt,
930 509 1015 574 'more
1039 498 1134 550 nmen
1160 494 1268 556 usitato
1286 495 1325 556 le·

192 569 284 648 galem
305 569 418 628 cultum
439 568 535 647 posuit
553 573 690 647 tanquam
710 567 873 647 symbolum
894 579 979 630 verae
998 572 1117 649 pietatis.
1138 570 1325 634 Ceterumdi·

88 708 91 718 ,
190 667 302 708 mamus
331 665 381 707 ex.
397 645 452 706 hoe
476 646 541 706 loeo
567 651 713 727 nunquani
738 648 840 708 melius
864 648 1000 710 celebrari
1025 648 1082 712 Dei
1106 671 1212 712 nomen
1236 672 1326 733 quam

191 727 260 787 dum
282 733 459 823 propagatur
481 725 581 821 religio
601 732 630 787 et
650 724 751 790 urescit
770 725 906 800 Ecclesia,
926 746 1001 810 quae
1017 729 1084 792 ideo
1103 737 1225 794 vorator
1243 733 1324 815 plan·

57 892 68 906 Ι
190 809 262 870 tatio
280 827 311 866 ιιι
329 805 444 868 laudem
461 802 527 882 Der,
545 805 621 866 lesa.
642 825 703 888 cap
725 809 774 884 61,
792 827 866 870 vers·
886 811 914 872 3.

276 1033 329 1110 94.
352 1040 472 1109 afflixit
503 1041 537 1108 in
556 1043 630 1114 ria,
643 1042 739 1144 robur
772 1065 895 1130 meum,
924 1045 1100 1143 ‚conmmvit
1131 1046 1198 1114 (lies
1223 1058 1325 1116 meos.

134 1145 148 1154 ⁹
189 1151 243 1218 25.
266 1149 354 1232 Dixi,
376 1147 480 1224 Deus„
488 1148 543 1233 mi,
564 1169 607 1242 rap
627 1147 719 1215 tollas
741 1169 794 1216 me
815 1148 849 1216 in
872 1149 1002 1218 dimidio
1025 1149 1146 1218 dierum
1162 1153 1327 1227 meorum:

189 1257 223 1326 in
255 1254 490 1347 generationem
523 1253 761 1346 generationum
793 1255 868 1322 anui
901 1255 956 1323 tui.
1009 1256 1063 1324 26.
1096 1257 1188 1328 Prius
1208 1269 1326 1328 terram
1354 1279 1356 1291 ’

189 1361 340 1444 fundasti,
373 1371 515 1451 etopus
542 1381 695 1428 manuum
721 1371 848 1430 tuarum
874 1362 964 1429 eoeli.
1008 1363 1061 1429 27.
1084 1363 1147 1454 lpsi
1168 1366 1326 1455 peribunt,

190 1478 223 1537 et
232 1478 272 1534 tu*
280 1467 487 1558 peuuanebis,
498 1476 531 1536 et
542 1489 654 1534 omnes
667 1465 757 1558 quai
766 1467 989 1534 vestimentum
1000 1477 1212 1566 yeterascentt
1233 1473 1324 1562 quasi

190 1584 314 1643 vestem
343 1573 567 1670 portabimus,
590 1583 622 1640 et
642 1573 855 1640 mutabuntur.
879 1571 1131 1660 hathuidem,
1152 1579 1327 1646 etsnuitui

188 1703 255 1748 uon
277 1679 431 1747 definient,
464 1679 517 1746 29.
533 1679 603 1746 Filii
619 1701 784 1748 servorum
800 1690 929 1748 urorum
946 1679 1145 1768 hahitabrmt,
1164 1691 1197 1750 et
1212 1705 1325 1752 semen
1426 1771 1427 1780 ἵ

188 1810 299 1855 eorum
322 1808 430 1854 coram
450 1797 483 1852 te
498 1783 677 1853 stabilietur.

266 1930 323 1992 2h·
345 1915 475 2012 Affltmt
498 1938 532 1990 to
549 1938 607 1990 utu
647 1927 863 2007 Quedmooiam
886 1929 962 1990 hano
984 1881 1099 2007 inseite,
1119 1949 1185 1993 meo
1208 1931 1324 2008 iudicio,

82 2059 85 2079 ,
188 2010 304 2092 quidam
328 2011 365 2069 sd
390 2019 502 2090 tempus
525 2010 595 2068 illud
619 2010 792 2090 restringunt
821 2029 880 2090 quo
904 2009 1046 2070 exhibitae
1069 2011 1187 2072 luerunt
1211 2011 1324 2074 ludaeis

187 2091 348 2163 molestiae,
371 2095 527 2172 postquam*
549 2089 613 2147 data
638 2089 732 2150 luerat
756 2088 892 2150 redeundi
916 2089 1037 2152 libertas.
1077 2088 1179 2150 Potius
1198 2092 1227 2151 in
1248 2111 1323 2153 voee
1426 2105 1427 2112 ’

187 2171 295 2230 itineris
314 2169 436 2228 autviae
454 2167 628 2247 metaphora
640 2175 690 2227 est
716 2166 790 2228 Nam
810 2187 900 2249 ιῙιιιιιιι
920 2171 1107 2230 metavetoris
1127 2172 1226 2250 populi
1246 2178 1324 2232 esset
1426 2231 1427 2244 ξ

163 2261 172 2276 '
189 2247 294 2308 Christi
318 2239 471 2322 exhibitio,
491 2248 560 2326 iure
585 2248 705 2306 ailliotos
731 2267 763 2306 se
783 2255 941 2328 queruntur
960 2250 990 2309 in
1009 2249 1104 2308 medio
1124 2249 1207 2314 stadii
1226 2269 1323 2312 eursu.

187 2329 286 2408 Atque
298 2327 338 2387 ita
353 2325 418 2388 Deo
433 2345 514 2387 suam
528 2328 745 2407 promissionem
765 2326 910 2401 ohiioiuht,
930 2328 1007 2408 quod
1028 2349 1118 2408 quum
1137 2335 1245 2390 temere
1264 2350 1325 2390 non

188 2408 376 2480 cucurrerint,
401 2405 450 2466 sed
469 2409 584 2486 sequuti
603 2409 661 2466 sint
677 2408 738 2466 eius
753 2405 858 2486 ¹iidem,
881 2409 911 2466 in
934 2407 1029 2468 medio
1048 2410 1080 2467 iti
1118 2427 1149 2469 re
1168 2411 1259 2470 attriti
1272 2407 1324 2470 ln·

188 2489 263 2548 erint
281 2487 342 2546 eius
360 2503 456 2558 manu.
476 2483 542 2545 Nou
558 2487 740 2566 expostulant
755 2486 869 2566 quidem
883 2503 950 2548 oum
959 2485 1034 2562 Deo,
1053 2505 1112 2546 aosr
1125 2503 1206 2569 spem
1221 2507 1324 2550 mrum

188 2567 340 2626 frustratus
364 2571 451 2624 esset:
481 2565 531 2626 sed
555 2568 622 2648 quia¹
647 2567 774 2646 persuasi
798 2573 865 2626 suut
888 2585 955 2627 eum
980 2586 1040 2626 nou
1068 2585 1156 2646 agere
1182 2565 1324 2640 lallseiter

188 2643 1325 2806 ru”attitulatisuturartttuusturffit

157 2806 333 2879 ‘redactos,
352 2803 419 2884 quia
438 2799 474 2864 ad
493 2794 608 2884 tenipus
627 2803 809 2884 plenitudinis
828 2805 998 2884 respieiunt,
1018 2767 1111 2884 duod,
1130 2807 1185 2866 nisi
1231 2806 1324 2875 hristo

187 2884 338 2965 patelaoto,¹
357 2888 525 2963 suspensum
546 2903 657 2962 semper
676 2883 743 2942 luit:
763 2883 828 2944 ideo
848 2886 992 2964 sequitur,
1010 2887 1208 2966 Nepotianus
1225 2907 1272 2947 rrae
1289 2893 1325 2948 tu

188 2965 311 3029 dissidio
330 2965 444 3023 dierum
462 2985 601 3022 memor.
641 2960 715 3021 Nom
734 2964 857 3043 spatium
876 2965 1074 3031 intermedium
1093 2966 1254 3045 usquedum
1274 2983 1324 3048 sp·

187 3045 329 3124 paruisset
348 3042 488 3116 Christus,
514 3042 644 3101 dimidiae
663 3043 739 3102 vitae
758 3050 938 3123 comparant:
962 3045 1030 3124 quia
1049 3050 1160 3104 motura
1179 3043 1326 3106 Eerlerise

187 3129 274 3194 aetas,
294 3120 400 3182 Christi
420 3121 533 3181 demum
553 3120 678 3182 adventu
697 3121 838 3202 completa
857 3122 921 3198 luit,
942 3131 974 3184 ut
993 3123 1124 3184 diximus.
1165 3123 1227 3191 Etsi
1246 3115 1325 3186 enim

185 3198 332 3283 prandiola
350 3201 398 3260 ills
418 3201 562 3262 calamites
581 3201 689 3275 fuerat,
708 3201 750 3282 sie
769 3209 864 3268 tamma
884 3201 992 3264 temtor
1010 3207 1112 3265 nutura
1131 3201 1270 3279 foederis,
1289 3211 1324 3264 nt

188 3281 329 3363 populum
349 3281 429 3340 ilium
450 3278 528 3340 Deus
548 3279 601 3340 suh
621 3299 708 3341 manu
727 3297 778 3340 sua
799 3289 960 3364 protegeret
979 3301 1014 3342 ao
1032 3290 1175 3342 tuereturr
1200 3284 1325 3364 ideoque

190 3361 308 3456 aprilium
328 3361 451 3420 violenta
471 3361 611 3456 quaedam
630 3367 750 3456 rupturp
768 3361 836 3420 fuit:
859 3381 918 3442 quo
938 3365 1046 3422 maiore
1064 3361 1168 3424 lidooia
1181 3369 1325 3458 negarunt

187 3445 516 3582 titillanti?
529 3439 1148 3602 tutttttttttutttfflulfflt
1166 3442 1324 3602 ,totid

188 3599 341 3682 adoptans,
370 3598 425 3659 hae
448 3599 510 3678 lege
534 3599 652 3659 dederat
669 3600 744 3658 vitae
768 3600 879 3660 initium
903 3606 936 3658 ut
959 3617 1015 3684 eos
1035 3599 1071 3660 ad
1097 3600 1206 3661 Christi
1230 3620 1324 3682 usqne

187 3679 343 3740 adventurn
367 3679 491 3751 foveret,
520 3679 581 3738 iure
599 3677 689 3737 licuit
712 3677 787 3738 hano
810 3679 1027 3759 promissionem
1050 3682 1080 3740 ia
1104 3681 1232 3741 medium
1257 3701 1323 3761 pro·

189 3759 278 3822 famer
299 3759 356 3818 arsi
375 3757 509 3832 diserent,
528 3757 654 3817 Domine
673 3764 707 3816 tu
726 3757 815 3817 vitam
833 3758 915 3818 nohis
974 3759 1078 3819 llioitus
1096 3779 1127 3818 es
1146 3781 1207 3822 non
1226 3761 1323 3836 tridui,

188 3840 236 3898 vel
255 3839 339 3899 auius
359 3839 473 3912 mensis,
490 3837 538 3912 ¹rel
552 3853 709 3918 paucorum
723 3855 872 3910 annorum,
891 3857 904 3896 s
955 3837 1048 3898 donee
1059 3857 1212 3900 moerores
1227 3846 1324 3900 totum

188 3918 297 3990 orbem,
317 3924 346 3978 et
365 3917 509 3997 colligeres
529 3935 628 3976 omues
647 3916 771 3995 populos
790 3915 844 3976 suh
864 3934 950 3976 manu
961 3917 1068 3978 suasu
1082 3920 1132 3978 tni.
1154 3915 1234 3996 Quid
1252 3937 1323 3999 ergo

186 3997 242 4058 sihi
261 3999 324 4057 vult
342 3998 472 4056 interitus
491 3999 521 4055 in
541 3995 635 4056 medio
655 3995 760 4054 eumn?
779 3991 863 4072 Quae
882 3999 1012 4076 sequitur
1025 3997 1107 4070 ratio,
1127 3997 1323 4059 videturnihil

59 4121 65 4131 .
159 4085 161 4098 ⁴
185 4078 224 4136 ad
244 4084 421 4158 praesentem
442 4093 555 4136 oausam
575 4075 677 4134 lasere.
712 4070 786 4134 Nam
805 4077 858 4135 etsi
877 4082 1009 4136 aeternus
1027 4083 1071 4148 est
1089 4075 1179 4150 Deus,
1200 4096 1238 4138 an
1256 4078 1323 4138 ideo

186 4158 294 4217 aeterni
314 4163 398 4216 erunt
417 4155 565 4215 homines?
584 4152 830 4229 Sarrastras.
850 4154 982 4230 diximus,
997 4155 1143 4236 quomodo
1153 4147 1324 4236 tempestivi

186 4227 219 4295 tn
239 4236 365 4296 medium
385 4241 504 4295 vocetur
512 4233 569 4296 Dei
588 4233 746 4304 aeternitas,
765 4232 815 4292 ubi
834 4235 870 4294 de
889 4234 987 4296 solutis
1007 4243 1123 4296 nostrae
1140 4234 1246 4295 fiduein
1266 4239 1322 4316 ogi-
1343 4279 1350 4290 .

186 4321 248 4380 tur:
280 4317 348 4394 prais
372 4313 453 4374 Deos
482 4334 541 4374 nou
566 4311 652 4372 modo
680 4313 710 4370 in
739 4329 842 4390 areana
871 4331 923 4374 sna
951 4314 1071 4376 amnuo
1096 4315 1162 4375 volt
1189 4323 1323 4376 aeternus

187 4397 313 4475 agnosci,
332 4393 383 4455 sed
402 4396 487 4456 etiam
505 4396 536 4454 in
555 4389 653 4472 ruho,
672 4391 755 4454 sioutr'
774 4399 818 4453 est
836 4393 913 4476 apud
931 4392 999 4456 lesa.
1015 4394 1064 4470 40,
1079 4395 1110 4458 6.
1130 4392 1236 4496 Omnis
1252 4413 1323 4457 erro

1426 2427 1427 2444 i

1426 2533 1427 2550 i

1390 2649 1397 2656 ι

1384 3213 1389 3221 ’

1397 3345 1403 3356 u

1426 4311 1427 4332 i

1426 4335 1427 4342 r

1426 4343 1427 4358 i

1426 4369 1427 4380 ι

1426 4397 1427 4416 i

1426 4515 1427 4524 r
