2816 4880
474 323 519 364 ss
549 321 709 376 esrem.
737 320 878 367 cusum·
1011 386 1013 396 Ι
1179 319 1233 375 5ίό

99 453 155 520 qul:
178 445 270 528 idque
300 443 432 510 monto
450 443 530 508 eutii
552 441 722 508 refellendae
746 441 894 524 superbiae
916 461 1003 507 causa
1022 459 1080 522 qne
1098 442 1232 510 neturulie

100 536 146 590 ter·
160 527 253 596 inlloti
269 533 336 591 eunt
355 525 416 586 lere
436 521 549 596 omnesi
568 531 601 584 ut
621 525 660 590 uit
732 544 751 582 r
766 524 882 604 propriu
901 526 1015 584 virtute.
1055 521 1163 582 Senem
1182 539 1231 582 eu·

100 614 156 668 tem
177 604 332 666 verborum
351 612 404 678 est,
426 605 520 664 seruiet
534 603 627 684 ¹bomo
647 603 719 663 iustr
768 623 801 663 us
821 623 874 662 suo
894 601 1007 677 robore,
1026 607 1056 662 et
1069 601 1232 662 udiumeutu

99 686 199 752 omnie
214 685 316 748 efferet
334 684 438 780 quibus
458 684 566 768 pollere
586 683 638 742 sibi
658 683 785 758 videtur,
805 681 901 745 tumus
921 683 975 742 erit
993 687 1023 742 et
1041 679 1233 748 mendacium:
1269 701 1292 758 .'

99 765 156 825 imo
175 764 199 825 si
219 763 266 824 sel
286 765 433 824 minumum
464 763 609 859 quidpiam
630 761 682 822 sibi
711 769 835 901 errofiet,
854 763 917 823 solo
937 761 993 824 boe
1012 759 1125 820 obiectu
1143 761 1231 840 impe

99 847 162 940 diet.
185 851 283 924 utque.
300 844 409 934 ¹ersr'ebit
429 841 484 904 Der
512 846 632 922 gretiam
659 861 717 922 que
740 861 780 936 so.
826 849 945 902 stemus.
960 922 968 937 ι
984 838 1047 900 Sub
1066 837 1232 900 fortitudine

98 943 244 1085 {tuti
254 918 1233 1140 rutilabit‘tellliutpertustitulettlttl

99 1101 176 1144 sesso
195 1089 240 1142 est
258 1099 275 1141 e
295 1101 383 1164 preve
403 1099 502 1142 eornm
523 1081 626 1142 lidosie
645 1101 698 1140 nos
718 1097 735 1140 e
754 1079 852 1155 strubi,
872 1082 939 1164 quia
957 1078 1028 1141 nihil
1048 1079 1140 1158 magis
1153 1096 1231 1138 com·
1326 1093 1332 1112 “

60 1163 65 1168 ’
99 1182 183 1224 mune
212 1169 256 1222 eet
283 1163 403 1226 simulac
426 1162 545 1224 lucullos
564 1162 660 1241 eliqua
680 1160 762 1222 nobis
781 1161 818 1222 ed
838 1179 955 1220 menum
974 1161 1115 1238 suppetit,
1144 1167 1232 1236 quern

99 1261 205 1304 vmuuo
229 1241 304 1302 uem
327 1242 466 1304 inebriari.
502 1239 574 1302 ideo
598 1248 658 1302 tam
684 1240 833 1302 bominum
853 1259 939 1320 quem
959 1257 1101 1320 equorum
1120 1237 1230 1298 tortitu-

98 1315 156 1382 dini
174 1323 294 1404 opponit
313 1319 369 1382 Dei
389 1323 530 1396 timorem,
548 1319 579 1382 el
597 1341 678 1400 spem
698 1322 820 1402 quaein
840 1321 901 1380 eius
920 1311 1111 1380 misericordia
1122 1335 1232 1378 recum·

97 1401 152 1462 bie
181 1402 240 1461 ecsi
259 1399 377 1474 diceret,
396 1399 471 1460 benc
509 1403 639 1480 reeeipue
659 1400 825 1461 modestiam
845 1419 863 1460 a
882 1399 965 1460 nobis
985 1418 1016 1458 re
1038 1398 1106 1470 uiri,
1134 1403 1167 1456 ut
1187 1396 1233 1476 pie

98 1487 251 1561 sancteque
271 1479 367 1540 Deum
392 1481 473 1540 colen
495 1500 526 1555 o,
553 1479 727 1562 pendeamus
746 1479 782 1540 ob
802 1481 864 1540 eins
883 1480 982 1560 grstia.
1051 1475 1105 1535 nde
1125 1474 1231 1555 colligi·

95 1580 159 1620 mus
188 1581 249 1622 non
270 1560 354 1620 elium
377 1559 574 1622 tortitudinem
598 1561 726 1621 dambori
749 1560 803 1620 uisi
829 1577 904 1640 qnae
923 1559 1021 1620 Deum
1046 1555 1156 1616 bonore
1179 1574 1233 1616 suo

95 1637 215 1704 frendet

82 1939 86 1953 ,
186 1874 239 1942 12.
261 1873 392 1946 Celebre
414 1875 582 1946 ierusalem
604 1875 764 1959 lebovam,
786 1873 879 1942 leude
901 1870 1010 1940 Deum
1030 1881 1123 1939 tuum
1136 1871 1234 1939 Sions

98 1981 151 2050 13.
173 1980 254 2066 Quia
279 1983 407 2048 roboret
428 1987 533 2048 vestes
554 1989 719 2072 portarum
741 1991 877 2062 tuarum,
898 1977 1053 2046 benedicit
1074 1977 1145 2045 filiis
1167 1979 1232 2048 tuis

97 2083 130 2154 in
161 2085 266 2156 medio
299 2086 355 2156 tui.
403 2080 453 2157 14.
475 2085 540 2172 Qui
571 2085 662 2178 ponit
684 2086 764 2170 fines
786 2095 1011 2175 tuospeccrn,
1043 2083 1234 2176 pinguedine

97 2192 246 2280 lruruuuti
273 2194 363 2262 satist
384 2204 427 2262 te.
1099 2208 1100 2221 ¹

174 2369 224 2428 12.
245 2328 363 2428 muoso
383 2366 543 2426 renotem
561 2365 710 2426 Isim
750 2349 909 2444 Postquam
928 2363 959 2421 in
979 2379 1083 2442 genere
1103 2361 1235 2424 disseruit
1337 2433 1343 2444 ,

98 2445 134 2508 de
153 2444 297 2508 beueliciis
317 2443 387 2520 Dei,
406 2461 505 2506 rursm
524 2463 686 2506 sermonem
706 2443 742 2505 ed
761 2430 860 2503 fideles
879 2441 1234 2520 monimentumque
1296 2507 1297 2522 χ
1400 2467 1401 2512 3

95 2533 162 2586 ente
190 2526 315 2586 diximus
343 2543 416 2584 seno
442 2531 525 2604 gustu
558 2525 701 2605 praeditos
727 2541 802 2599 esse,
830 2527 953 2582 etcum
972 2539 1041 2581 vere
1062 2519 1235 2601 gratitudine

95 2607 256 2688 percipient
281 2623 356 2684 quse
375 2604 498 2668 muudus
527 2604 681 2684 ingurgitet
709 2602 791 2664 bone.
837 2600 930 2662 Porro
958 2607 1050 2661 totam
1079 2597 1236 2662 Ecclesium

95 2683 250 2765 compellat
277 2675 331 2744 sub
360 2687 475 2748 nomiue
494 2681 662 2744 ierusalemr
692 2685 759 2764 qnia
788 2681 847 2742 illic
871 2699 969 2741 secros
988 2687 1146 2742 conventos
1165 2687 1235 2740 tuno

94 2763 217 2846 agebebt
235 2763 349 2837 fideles,
372 2769 403 2824 et
442 2765 503 2824 ussi
522 2762 705 2822 confluebant
724 2761 777 2822 sub
797 2761 853 2822 Dei
873 2761 1018 2821 vexillum.
1059 2759 1235 2840 Quanquam

95 2852 191 2905 eutem
216 2843 302 2924 poulo
326 2851 394 2924 post
418 2785 454 2902 3ο
483 2842 637 2904 universali
666 2842 766 2926 mundi
790 2841 994 2922 gubernatione
1013 2839 1121 2901 iterum
1147 2838 1235 2900 verbe

96 2923 190 2998 lseiet
209 2943 285 2984 nuno
298 2921 353 2982 ne
373 2924 493 3004 gretiam
512 2921 701 2995 commendet,
722 2939 809 3001 quem
829 2921 941 2981 nonnisi
961 2937 1029 3002 erge
1048 2919 1146 2980 lideles
1165 2937 1235 2980 suos

97 3003 217 3066 merit:
237 3022 340 3084 nempe
360 3002 429 3064 door
449 2999 605 3063 Ecclesium
626 3021 706 3062 suem
727 2998 1099 3080 delenditbeoignelovet,
1119 2998 1236 3079 largiter
1339 3057 1341 3064 ,

33 3085 34 3088 ’
96 3081 180 3142 bonis
204 3081 337 3142 omuibus
354 3082 440 3155 ditet,
472 3082 582 3142 salvem
601 3081 723 3162 denique
742 3080 778 3140 eb
798 3080 877 3141 omui
895 3097 973 3141 noxa
993 3078 1235 3160 tranquillumque
1276 3079 1281 3104 ¹

96 3167 233 3242 prount
258 3163 842 3242 Vedesmmportmmolteofimori
851 3159 1233 3240 diceqmimelltgitsanctam

97 3237 198 3302 urben
217 3239 389 3320 optimeDei
422 3241 542 3302 rseddio
560 3241 700 3302 munium
721 3259 793 3313 esse,
813 3246 847 3299 ut
865 3238 919 3299 sibl
939 3237 976 3298 eb
995 3237 1124 3298 hostibus
1143 3245 1235 3316 metu·

96 3339 148 3382 ere
167 3339 226 3382 uon
246 3317 356 3380 debeat.
393 3263 503 3384 tlodem
522 3325 631 3401 epeotet
649 3319 738 3380 altere
757 3335 831 3400 quee
849 3318 938 3398 poulo
957 3323 1023 3396 post
1042 3319 1172 3412 sequitur
1190 3317 1233 3376 lo·

97 3401 200 3482 qoutio
219 3409 342 3462 mewtoe
359 3408 422 3462 etus
432 3401 515 3479 seros
529 3409 646 3482 positos
664 3421 725 3460 esso
740 3419 853 3480 pacem
873 3396 1008 3456 divinitus
1027 3395 1252 3466 sodicotoroeri¹
1355 3441 1359 3447 ν
1400 3361 1401 3374 l

95 3479 209 3556 boue,
227 3479 333 3560 nequid
357 3480 502 3541 molestiae
525 3489 563 3539 e'c-
578 3478 727 3540 turbarum
746 3478 896 3538 beassent.
935 3473 1002 3536 Non
1022 3475 1101 3556 'quod
1121 3495 1235 3557 semper

97 3560 179 3621 omni
210 3579 249 3620 οι
273 3565 355 3638 porto
378 3565 478 3640 pueete
497 3559 535 3618 sit
552 3556 693 3632 Eeclmim
723 3557 872 3637 nullasque
891 3556 1066 3616 incursiones
1085 3557 1236 3618 sustinente

96 3637 149 3698 sed
169 3639 237 3718 quis
255 3655 372 3698 mennm
391 3635 564 3699 suemDous
583 3639 618 3698 ed
638 3641 761 3720 impetos
780 3634 957 3718 repellendos
976 3634 1124 3696 manifeste
1143 3655 1235 3718 oppo-
1256 3713 1257 3716 Ἴ

96 3719 142 3780 uit
161 3725 195 3777 ut
213 3737 314 3779 secure
333 3716 429 3778 bostcs
448 3719 478 3778 iu
498 3719 618 3778 circuito
638 3717 788 3798 despiciet,
805 3717 863 3776 nisi
882 3717 958 3776 torto
976 3715 1061 3776 latius
1079 3716 1235 3776 extendero

94 3797 208 3879 pleeest
236 3817 342 3858 nomen
363 3805 464 3878 pects:
493 3798 574 3856 sicuti
625 3797 774 3877 letumque
796 3815 851 3877 pro
870 3795 995 3856 secundo
1015 3801 1045 3856 el
1063 3794 1138 3856 lelici
1157 3801 1235 3856 stetu
1288 3833 1289 3838 κ
1353 3789 1356 3800 ’

94 3877 228 3946 sumitur.
253 3875 313 3938 Sed
332 3880 407 3956 quie*
418 3876 451 3938 lit
470 3878 576 3937 mentio
596 3819 704 3946 paim,
724 3875 836 3936 ridetm
855 3879 933 3956 pn‘or
951 3876 999 3935 ille
1018 3894 1118 3936 seusus
1132 3875 1234 3935 melios

94 3956 245 4036 quellrere·
270 3955 386 4018 Deinde
403 3957 565 4036 adiungitur
582 3958 705 4018 interior.
719 3955 776 4017 Dei
796 3955 962 4030 benedictio,
983 3973 1039 4036 que
1060 3954 1093 4015 lit
1113 3963 1144 4014 ut
1164 3975 1233 4036 pro-

94 4054 179 4116 spere
197 4041 228 4095 et
246 4034 328 4096 bem
346 4036 376 4096 in
394 4054 429 4096 ee
447 4038 524 4098 ciues
544 4035 681 4096 habitent:
701 4043 732 4098 et
749 4035 835 4096 simul
854 4036 931 4116 lorge
951 4035 986 4096 od
1006 4037 1165 4095 sutietatem
1186 4054 1231 4096 ns·

53 4146 55 4154 ›
94 4133 155 4194 qno
173 4121 338 4194 pascantur,
358 4135 418 4176 non
437 4115 514 4196 quod
535 4135 647 4198 semper
665 4114 730 4176 liliis
749 4113 806 4176 Dei
826 4103 979 4198 suppetent
999 4115 1138 4190 leutitiae,
1157 4133 1233 4196 quse

93 4211 147 4254 eos
166 4201 391 4274 corrumperent,
410 4203 444 4256 ut
462 4197 545 4258 nimis
586 4215 705 4272 ropeuse
724 4202 769 4256 est
787 4215 854 4257 osro
874 4195 910 4254 sd
925 4195 1084 4256 lascivium:
1104 4193 1153 4258 sed
1165 4197 1232 4275 quie

93 4274 126 4332 in
150 4274 230 4334 victu
249 4274 417 4355 quotidiano
436 4275 539 4336 clarius
553 4217 607 4335 ll·

94 4352 171 4427 doli,
200 4373 275 4434 quos
301 4353 350 4416 rol
372 4364 505 4416 excaecet
528 4375 580 4416 sue
599 4358 710 4438 semna,
741 4355 787 4414 r'el
807 4355 903 4435 inopia
922 4357 1022 4414 misere
1043 4355 1233 4415 sollieitudine

95 4435 221 4512 cruciet,
241 4434 393 4496 ueletiam
421 4435 585 4508 insatiabilis
603 4437 741 4518 eupidites
760 4453 873 4515 semper
891 4435 954 4494 urit.
976 4433 1144 4496 Praesertim
1164 4453 1233 4495 seco

583 4296 608 4337 es
628 4276 822 4338 liberalitatem
842 4276 1017 4356 perspiciunt
1035 4293 1122 4355 quum
1142 4275 1233 4336 inere·
1363 4271 1364 4276 ’
