2890 4886
530 287 572 330 ra
605 285 819 329 rotano
1187 287 1241 345 191

146 410 297 480 Pealrnne
319 408 360 486 erl
382 407 585 476 laudantium.
625 407 656 474 1.
677 403 843 477 Exeultute
864 403 1000 475 leharea
1023 408 1128 474 omnia
1148 417 1240 478 terra
1279 475 1286 488 ,

97 521 131 588 2
170 516 296 586 Servite
318 513 455 584 lehovae
482 514 515 580 in
543 512 671 580 laetitia:
698 511 803 580 venite
829 511 862 578 in
890 521 1097 602 conspectum
1118 513 1186 582 eius
1207 515 1240 582 in

98 621 328 694 exsultatione.
384 619 417 688 3.
452 617 641 711 Cognoscitur
679 617 767 710 quod
800 614 916 686 lehova
954 595 1026 709 ipee⁸¹
1056 629 1106 686 eat
1137 618 1244 715 Deuar
1431 695 1432 700 ,

97 732 174 822 ipae
196 728 271 797 lecit
291 749 363 811 nos,
384 733 417 796 et
438 747 506 792 nou
527 724 588 818 ipai
604 746 680 792 noea
701 721 841 818 populna
861 723 940 808 eius,
960 734 994 794 et
1013 747 1091 817 grex
1112 747 1247 818 pascuo*

97 859 178 904 rum
200 855 279 904 erue.

189 1046 218 1106 t.
237 1043 404 1106 uxorata
437 1039 553 1106 Partem
572 1039 711 1109 ananau
729 1041 824 1104 uultus
842 1039 900 1106 Dei
916 1041 1039 1125 attingit,
1141 1042 1179 1120 jn
1198 1061 1246 1104 res

100 1124 243 1206 putandis
266 1123 326 1182 eina
342 1120 494 1202 ,tenuata
518 1129 548 1184 et
569 1124 723 1203 gratiarum
746 1125 859 1184 athene
882 1123 936 1184 elta
955 1131 1009 1182 eat,
1080 1125 1247 1184 ornanum·

101 1204 272 1286 promieoua
295 1201 449 1282 compellet
472 1209 563 1262 totam
587 1209 707 1268 terram,
736 1202 849 1263 ridetur
872 1201 893 1260 S
915 1203 981 1262 iritu
1005 1199 1176 1284 Prophetieo
1206 1203 1244 1263 erl

101 1293 225 1364 lempna
252 1283 411 1362 reperisse
434 1300 493 1360 qno
517 1301 555 1342 ex
579 1282 665 1342 rariia
684 1280 822 1347 Gentibus
847 1283 914 1345 eoi
950 1282 1005 1344 nde
1028 1289 1089 1342 arat
1106 1279 1244 1344 anleaia.

103 1362 193 1422 lubet
212 1361 347 1442 igiturin
362 1361 466 1428 laetitia
477 1357 573 1422 Deum
589 1361 658 1421 ooli:
678 1361 839 1442 aignilieaua
857 1362 898 1424 ita
936 1361 1074 1425 anelinum
1094 1379 1156 1426 ueto
1176 1379 1245 1456 erga

104 1461 189 1514 anoe,
208 1448 241 1500 nt
261 1439 368 1518 largam
387 1439 482 1519 gaudii
502 1441 649 1503 materiam
668 1442 709 1500 eia
728 1437 897 1525 suppeditet
928 1439 1017 1520 Quod
1036 1440 1138 1514 melina
1157 1418 1254 1502 tertrel

104 1541 196 1662 vpreu
222 1521 368 1658 plxpnmitt,
398 1517 447 1656 ulipi
469 1521 565 1660 primo
588 1519 736 1660 homiurplrp
759 1519 907 1662 angariatae
926 1523 1049 1668 peatigat
1073 1521 1123 1600 qui
1142 1519 1196 1580 atti
1214 1525 1245 1581 et

140 1620 209 1662 urea
248 1619 333 1660 eoae
365 1619 412 1657 mu
440 1617 535 1678 rproae
553 1618 689 1660 eorume
734 1619 767 1660 na
812 1619 924 1680 ugano
966 1617 1244 1682 perperamavero

139 1699 176 1742 eo
197 1678 384 1740 detornant.
414 1675 559 1756 Quoniam
579 1697 647 1759 ergo
666 1677 786 1740 deorum
804 1679 889 1740 turba
907 1677 1004 1740 obruit
1021 1698 1057 1740 ao
1075 1679 1176 1759 sepelit
1194 1698 1245 1742 ve·

106 1779 173 1821 ram
198 1759 283 1819 uniar
302 1753 357 1824 Ilei
381 1757 524 1830 notitiam,
548 1760 670 1839 tiuaque
694 1751 813 1839 gloriam
837 1758 957 1820 laeemtr
988 1755 1090 1820 menn
1110 1759 1246 1820 admonet

107 1837 258 1920 Propheta
277 1843 396 1898 ennotoa
414 1837 558 1914 mortales,
579 1845 611 1898 ut
629 1838 667 1899 ed
686 1857 784 1902 sauana
802 1846 929 1902 mentem
947 1839 1064 1916 reverai,
1084 1836 1246 1900 Deumauo
1314 1855 1316 1865 ·

107 1919 224 1982 honore
243 1918 365 2000 apoliare
388 1916 530 1978 detinent:
558 1924 713 1980 eteorum
736 1919 888 1979 amentiam
913 1921 1055 2000 coarguit,
1084 1919 1162 1999 quod
1186 1937 1246 1980 non

109 1998 241 2062 opulenti
260 2018 318 2058 uno
339 1995 414 2070 Deo,
432 1997 462 2058 in
481 1999 540 2059 euie
558 1997 775 2078 cogitationibus
794 2006 973 2060 evanuerant.
1006 1998 1079 2059 Nam
1100 2005 1246 2080 uteunque

107 2079 203 2141 verbo
222 2078 303 2140 lateri
322 2084 460 2157 cogantur
478 2095 586 2150 omnea,
606 2095 668 2136 eree
687 2077 811 2158 aliquem
820 2075 916 2139 Deurn
932 2079 1003 2140 eoeli
1022 2087 1052 2140 et
1072 2086 1165 2140 terrae
1184 2079 1246 2159 opi·

110 2159 214 2232 linem,
233 2177 303 2220 ruox
321 2165 416 2218 tamen
435 2157 497 2216 eiua
516 2156 635 2238 gloriam
654 2154 712 2216 huo
731 2163 761 2216 et
779 2157 847 2217 illue
866 2144 1033 2218 distrahunt.
1073 2159 1170 2240 Atque
1191 2158 1247 2218 hoo

111 2240 202 2302 ruodo
219 2239 282 2320 ipra
297 2237 436 2334 divinitae,
454 2243 594 2333 puaptunr
608 2236 637 2332 in
650 2237 719 2316 ipeie
733 2241 786 2330 eat,
806 2235 942 2332 redigitur
955 2239 985 2297 in
994 2237 1123 2334 nihilum.
1144 2235 1250 2316 Quum*

114 2335 252 2460 tlt:
269 2317 552 2458 titttttttt
565 2313 1052 2474 tttttlttttltttffl
1072 2317 1248 2477 iiiiii&
1347 2397 1348 2405 ι

112 2477 195 2540 iubet
217 2477 297 2559 quod
315 2475 395 2536 Deua
419 2477 456 2536 ait
475 2473 565 2535 Deua.
604 2471 737 2534 Tenenda
762 2474 837 2533 anim
859 2481 904 2534 eet
929 2473 1021 2536 trava
1045 2475 1105 2536 eiua
1131 2477 1248 2538 notitiae

113 2556 259 2626 delinitio,
282 2555 352 2616 dum
375 2556 482 2616 auilieet
501 2557 528 2616 ei
546 2555 688 2634 integrum
708 2551 878 2634 relinquitur
895 2556 941 2614 ina
960 2573 1059 2630 auum,
1083 2574 1137 2616 neo
1156 2575 1247 2636 oppo-

111 2639 193 2698 nitur
210 2635 271 2696 ulla
290 2635 389 2696 Deitas
408 2651 483 2716 quae
500 2635 562 2695 eine
582 2651 686 2694 nomen
705 2631 846 2694 obseurat.
885 2633 918 2694 ln
937 2632 1049 2716 Papatu
1068 2635 1183 2716 quidem
1202 2653 1249 2696 re-

112 2717 254 2797 linquitur
272 2717 299 2776 ei
317 2735 401 2776 anum
420 2733 539 2776 nomene
565 2713 630 2794 quia
649 2719 745 2774 tamen
764 2713 826 2773 eiua
844 2712 933 2794 gloria
951 2715 983 2778 iu
1001 2715 1110 2774 duabus
1130 2713 1249 2794 syllabis

112 2797 234 2858 minime
253 2795 361 2856 incluse
379 2801 432 2869 oet,
451 2801 562 2856 uenum
580 2800 625 2854 eet
643 2813 697 2875 pro
717 2791 783 2854 Deo
802 2812 859 2854 non
879 2795 1003 2876 agnosci
1028 2794 1159 2854 Sciamus
1179 2815 1249 2875 ergo

113 2895 176 2938 non
205 2881 281 2934 atara
303 2881 414 2935 reatum
434 2872 490 2935 Dei
509 2873 628 2948 uultum,
652 2873 745 2936 donee
767 2880 895 2934 conante
919 2873 1006 2934 luerit
1029 2874 1116 2956 impia
1142 2875 1249 2954 gloriae

114 2955 180 3020 eine
221 2953 359 3015 rolanatio
378 2973 465 3035 quarn
485 2955 698 3034 superstitiones
716 2972 813 3016 eanum
833 2953 963 3014 afferunt.
983 2951 1087 3016 Postea
1107 2953 1249 3036 singulare

114 3037 178 3098 eiua
253 3033 366 3094 elicium
384 3033 539 3114 praedicnt,
569 3033 598 3092 in
623 3053 682 3112 qno
702 3032 859 3113 reputando
878 3033 977 3095 lidelet
996 3035 1147 3115 praecipue
1165 3053 1249 3094 auam

115 3132 235 3195 operam
259 3114 323 3174 vult
346 3133 521 3173 consumere.
559 3111 680 3174 Videtur
704 3111 818 3193 quidem
841 3111 899 3174 hoo
927 3131 990 3173 eata
1013 3115 1097 3174 nimia
1121 3113 1250 3194 vulgare,

116 3193 196 3274 quod
216 3195 299 3254 Deru
320 3217 383 3254 nora
394 3195 519 3274 fecerit:
547 3191 597 3252 eud
621 3197 655 3252 ut
679 3199 787 3252 honam
811 3191 848 3253 de
871 3193 1016 3254 communi
1040 3193 1254 3282 ingratitudine,

117 3271 198 3353 qaod
217 3275 267 3332 vix
287 3274 456 3334 centesimus
477 3271 597 3354 quiaque
616 3272 690 3332 aerio
703 3273 791 3332 vitam
811 3291 891 3332 euanr
901 3270 967 3332 Deo
986 3280 1133 3353 acceptam
1153 3274 1270 3348 referi,¹

119 3353 250 3433 quamvis
272 3351 339 3412 alum
360 3357 511 3432 urgentur,
535 3357 593 3412 uon
613 3357 716 3432 negent
734 3370 766 3412 ae
785 3350 822 3412 de
841 3351 930 3411 nihilo
949 3358 1059 3412 ereatoa
1077 3371 1155 3440 aare,
1174 3354 1251 3433 quia·

118 3449 178 3508 que
197 3439 292 3492 tamen
311 3431 365 3492 eibi
384 3431 464 3492 Deua
483 3438 541 3506 oet,
569 3438 601 3492 et
618 3433 743 3511 reipsum
765 3430 881 3506 adorat,
911 3431 979 3490 dnm
998 3438 1132 3512 arrogant
1151 3450 1252 3492 omnen

119 3511 179 3571 auia
200 3511 305 3572 viribus
325 3512 403 3592 quod
416 3509 497 3572 Deua
516 3529 600 3570 auam
619 3529 681 3570 esee
701 3512 873 3592 pronuntiat.
893 3508 1005 3572 Deinde
1023 3513 1178 3572 mendum
1197 3517 1251 3584 eat,

118 3588 291 3670 Prophetam
312 3611 370 3651 non
390 3591 427 3650 tle
445 3593 590 3650 communi
608 3591 750 3674 creatione
774 3589 820 3649 hiu
839 3608 937 3670 agere,
967 3597 1000 3650 ut
1023 3590 1089 3652 alibi
1111 3591 1251 3652 diximus:

119 3669 171 3728 aad
191 3669 226 3728 de
245 3669 383 3749 spirituali
402 3673 614 3750 regeneratione
634 3687 691 3750 qna
710 3671 861 3750 imaginem
879 3688 960 3730 auem
977 3669 1005 3730 in
1020 3670 1116 3732 electio
1128 3669 1251 3750 refingit.

118 3747 206 3826 soto,
224 3768 293 3830 ergo
313 3749 411 3812 fideles
430 3749 478 3810 hie
498 3747 641 3846 Propheta
660 3748 744 3810 donet
763 3767 826 3809 esse
845 3769 918 3831 opus
938 3747 1008 3824 Dei,
1031 3748 1251 3830 uon²quatenna

119 3829 150 3888 in
171 3834 251 3888 utero
271 3828 384 3912 lomrati
403 3835 470 3890 eunt
487 3829 626 3904 hnmanae,
646 3827 695 3889 aet
715 3847 774 3924 quo
793 3849 878 3890 aenou
887 3828 995 3890 Puulua
1008 3830 1045 3890 ad
1054 3829 1252 3911 Ephea.2,10.

121 3914 206 3966 vocat
225 3926 275 3968 eoa
293 3928 439 3977 τοποιημα
457 3906 522 3980 Dei,
542 3911 608 3989 quia
628 3907 734 3970 condita
753 3915 821 3969 eunt
840 3910 877 3969 ad
892 3908 967 3970 hona
983 3927 1069 3990 opera
1084 3927 1158 3989 quae
1194 3927 1252 3968 rae-

119 3987 232 4067 paravit
251 3995 284 4050 nt
301 3989 332 4046 in
351 3988 406 4048 illie
425 3987 584 4062 ambulent,
603 3987 689 4068 idque
708 4007 747 4049 ex
766 3995 901 4050 contextu
921 3989 1021 4050 melina
1041 3989 1138 4068 liquet
1206 4005 1253 4047 am

119 4065 170 4126 ubi
189 4067 257 4127 diuit
276 4086 329 4128 noe
348 4085 410 4126 esee
428 4067 569 4148 populum
587 4069 648 4130 eiua
667 4074 697 4127 et
715 4087 829 4148 gregem
849 4087 1019 4149 pascuorum
1038 4070 1114 4140 eiua,
1144 4068 1253 4148 apeoie·

119 4145 178 4206 lem
197 4153 275 4206 uerte
293 4148 414 4228 gratiam
431 4153 521 4220 notat,
541 4166 599 4227 qua
618 4147 670 4208 eibi
689 4146 770 4212 Deua
789 4149 819 4208 iu
838 4149 981 4229 peculium
1001 4147 1159 4229 segregavit
1177 4145 1254 4208 lilios

121 4243 200 4298 enos,
220 4232 253 4284 ut
272 4232 478 4306 eos'tanquam
498 4225 550 4285 enh
569 4226 621 4286 alia
640 4227 746 4288 foveat.
782 4225 871 4306 Quod
890 4229 981 4287 multo
1001 4227 1188 4308 praeetantiue
1208 4231 1255 4288 eet

121 4321 209 4384 quam
230 4303 359 4365 homines
379 4305 464 4364 uaaoi.
496 4305 554 4364 lam
574 4307 662 4387 siquis
682 4307 832 4387 glorietur,
851 4325 883 4368 ae
901 4307 1008 4367 laetum
1027 4323 1090 4366 eeaa
1108 4303 1255 4369 hominem

120 4387 264 4465 aeeipao:
297 4389 361 4467 quie
384 4405 443 4446 uon
469 4385 623 4476 deteatetus
642 4392 701 4448 tam
720 4387 852 4468 putidum
870 4385 1067 4484 aecrssegium?
1104 4383 1167 4464 Nae
1185 4403 1255 4446 vero
1305 4459 1307 4464 Ι
