<?xml version="1.0" encoding="UTF-8"?>
<!DOCTYPE html PUBLIC "-//W3C//DTD XHTML 1.0 Transitional//EN"
    "http://www.w3.org/TR/xhtml1/DTD/xhtml1-transitional.dtd">
<html xmlns="http://www.w3.org/1999/xhtml" xml:lang="en" lang="en">
 <head>
  <title>
</title>
<meta http-equiv="Content-Type" content="text/html;charset=utf-8" />
  <meta name='ocr-system' content='tesseract 3.04.00' />
  <meta name='ocr-capabilities' content='ocr_page ocr_carea ocr_par ocr_line ocrx_word'/>
</head>
<body>
  <div class='ocr_page' id='page_1' title='image "./ioanniscalvinii04tholgoog_0197.png"; bbox 0 0 2890 4886; ppageno 0'>
   <div class='ocr_carea' id='block_1_1' title="bbox 204 261 1062 352">
    <p class='ocr_par' dir='ltr' id='par_1_1' title="bbox 204 261 1062 352">
     <span class='ocr_line' id='line_1_1' title="bbox 204 261 1062 352; baseline 0 -27"><span class='ocrx_word' id='word_1_1' title='bbox 204 275 267 344; x_wconf 51' lang='grc' dir='ltr'>ιω,</span> <span class='ocrx_word' id='word_1_2' title='bbox 358 261 374 316; x_wconf 33' lang='lat'>1¹</span> <span class='ocrx_word' id='word_1_3' title='bbox 641 269 929 326; x_wconf 59' lang='lat' dir='ltr'>retrorsus</span> <span class='ocrx_word' id='word_1_4' title='bbox 1019 316 1062 352; x_wconf 37' lang='lat' dir='ltr'>s·</span> 
     </span>
    </p>
   </div>
   <div class='ocr_carea' id='block_1_2' title="bbox 103 404 1428 1686">
    <p class='ocr_par' dir='ltr' id='par_1_2' title="bbox 103 404 1342 730">
     <span class='ocr_line' id='line_1_2' title="bbox 204 404 1340 487; baseline -0.006 -15"><span class='ocrx_word' id='word_1_5' title='bbox 204 415 389 482; x_wconf 73' lang='lat' dir='ltr'>pontesium,</span> <span class='ocrx_word' id='word_1_6' title='bbox 413 427 471 467; x_wconf 92' lang='lat' dir='ltr'>non</span> <span class='ocrx_word' id='word_1_7' title='bbox 491 404 605 476; x_wconf 87' lang='lat' dir='ltr'>dubito,</span> <span class='ocrx_word' id='word_1_8' title='bbox 629 405 678 468; x_wconf 92' lang='lat' dir='ltr'>uhi</span> <span class='ocrx_word' id='word_1_9' title='bbox 698 405 794 468; x_wconf 88' lang='lat' dir='ltr'>Deum</span> <span class='ocrx_word' id='word_1_10' title='bbox 813 408 843 470; x_wconf 92' lang='lat' dir='ltr'>in</span> <span class='ocrx_word' id='word_1_11' title='bbox 863 405 948 487; x_wconf 75' lang='lat' dir='ltr'>Regis</span> <span class='ocrx_word' id='word_1_12' title='bbox 969 407 1041 469; x_wconf 87' lang='lat' dir='ltr'>solio</span> <span class='ocrx_word' id='word_1_13' title='bbox 1059 407 1166 468; x_wconf 84' lang='lat' dir='ltr'>looavit</span> <span class='ocrx_word' id='word_1_14' title='bbox 1184 405 1340 487; x_wconf 80' lang='lat' dir='ltr'>Propheta,</span> 
     </span>
     <span class='ocr_line' id='line_1_3' title="bbox 205 485 1341 573; baseline -0.003 -22"><span class='ocrx_word' id='word_1_15' title='bbox 205 493 255 573; x_wconf 87' lang='lat' dir='ltr'>qui</span> <span class='ocrx_word' id='word_1_16' title='bbox 274 491 311 552; x_wconf 86' lang='lat' dir='ltr'>de</span> <span class='ocrx_word' id='word_1_17' title='bbox 330 489 416 550; x_wconf 91' lang='lat' dir='ltr'>modo</span> <span class='ocrx_word' id='word_1_18' title='bbox 436 487 570 567; x_wconf 80' lang='lat' dir='ltr'>urguendi</span> <span class='ocrx_word' id='word_1_19' title='bbox 589 505 665 547; x_wconf 89' lang='lat' dir='ltr'>nune</span> <span class='ocrx_word' id='word_1_20' title='bbox 685 487 810 548; x_wconf 84' lang='lat' dir='ltr'>disserat.</span> <span class='ocrx_word' id='word_1_21' title='bbox 844 486 918 549; x_wconf 90' lang='lat' dir='ltr'>Nam</span> <span class='ocrx_word' id='word_1_22' title='bbox 936 485 1015 547; x_wconf 88' lang='lat' dir='ltr'>addit</span> <span class='ocrx_word' id='word_1_23' title='bbox 1032 497 1171 549; x_wconf 67' lang='lat' dir='ltr'>statutae</span> <span class='ocrx_word' id='word_1_24' title='bbox 1188 489 1341 548; x_wconf 77' lang='lat' dir='ltr'>rectitudi-</span> 
     </span>
     <span class='ocr_line' id='line_1_4' title="bbox 103 563 1342 648; baseline -0.007 -15"><span class='ocrx_word' id='word_1_25' title='bbox 103 631 107 638; x_wconf 87' lang='grc'><strong>,</strong></span> <span class='ocrx_word' id='word_1_26' title='bbox 204 595 256 633; x_wconf 83' lang='lat' dir='ltr'>nee</span> <span class='ocrx_word' id='word_1_27' title='bbox 279 579 306 631; x_wconf 84' lang='lat' dir='ltr'>et</span> <span class='ocrx_word' id='word_1_28' title='bbox 325 593 361 629; x_wconf 80' lang='lat' dir='ltr'>aa</span> <span class='ocrx_word' id='word_1_29' title='bbox 399 575 506 628; x_wconf 68' lang='lat' dir='ltr'>dotent.</span> <span class='ocrx_word' id='word_1_30' title='bbox 547 563 635 644; x_wconf 86' lang='lat' dir='ltr'>Quod</span> <span class='ocrx_word' id='word_1_31' title='bbox 660 573 756 628; x_wconf 88' lang='lat' dir='ltr'>tamen</span> <span class='ocrx_word' id='word_1_32' title='bbox 781 566 909 632; x_wconf 78' lang='lat' dir='ltr'>bifariam</span> <span class='ocrx_word' id='word_1_33' title='bbox 935 574 1030 648; x_wconf 86' lang='lat' dir='ltr'>potest</span> <span class='ocrx_word' id='word_1_34' title='bbox 1053 568 1157 648; x_wconf 73' lang='lat' dir='ltr'>oedipi,</span> <span class='ocrx_word' id='word_1_35' title='bbox 1186 565 1233 626; x_wconf 85' lang='lat' dir='ltr'>vel</span> <span class='ocrx_word' id='word_1_36' title='bbox 1259 567 1342 646; x_wconf 88' lang='lat' dir='ltr'>quud</span> 
     </span>
     <span class='ocr_line' id='line_1_5' title="bbox 189 591 1339 730; baseline -0.006 -20"><span class='ocrx_word' id='word_1_37' title='bbox 189 650 285 711; x_wconf 87' lang='lat' dir='ltr'>&#39;Deus</span> <span class='ocrx_word' id='word_1_38' title='bbox 310 651 340 709; x_wconf 90' lang='lat' dir='ltr'>in</span> <span class='ocrx_word' id='word_1_39' title='bbox 361 591 439 726; x_wconf 53' lang='lat' dir='ltr'>hege</span> <span class='ocrx_word' id='word_1_40' title='bbox 464 663 516 704; x_wconf 89' lang='lat' dir='ltr'>sua</span> <span class='ocrx_word' id='word_1_41' title='bbox 540 645 694 725; x_wconf 75' lang='lat' dir='ltr'><strong>perfectam</strong></span> <span class='ocrx_word' id='word_1_42' title='bbox 724 649 895 726; x_wconf 84' lang='lat' dir='ltr'>aequitatem</span> <span class='ocrx_word' id='word_1_43' title='bbox 924 647 1032 726; x_wconf 89' lang='lat' dir='ltr'>populo</span> <span class='ocrx_word' id='word_1_44' title='bbox 1062 667 1116 706; x_wconf 88' lang='lat' dir='ltr'>suo</span> <span class='ocrx_word' id='word_1_45' title='bbox 1145 645 1339 730; x_wconf 77' lang='lat' dir='ltr'>mandaverit:</span> 
     </span>
    </p>

    <p class='ocr_par' dir='ltr' id='par_1_3' title="bbox 151 725 1428 1686">
     <span class='ocr_line' id='line_1_6' title="bbox 204 725 1338 810; baseline -0.004 -20"><span class='ocrx_word' id='word_1_46' title='bbox 204 731 252 792; x_wconf 84' lang='lat' dir='ltr'>vel</span> <span class='ocrx_word' id='word_1_47' title='bbox 269 728 356 810; x_wconf 83' lang='lat' dir='ltr'>¹qupd</span> <span class='ocrx_word' id='word_1_48' title='bbox 378 725 513 786; x_wconf 87' lang='lat' dir='ltr'>iustitiam</span> <span class='ocrx_word' id='word_1_49' title='bbox 537 743 618 784; x_wconf 89' lang='lat' dir='ltr'>suam</span> <span class='ocrx_word' id='word_1_50' title='bbox 643 731 672 783; x_wconf 92' lang='lat' dir='ltr'>et</span> <span class='ocrx_word' id='word_1_51' title='bbox 696 729 866 806; x_wconf 82' lang='lat' dir='ltr'>aequitatem</span> <span class='ocrx_word' id='word_1_52' title='bbox 890 745 1003 806; x_wconf 86' lang='lat' dir='ltr'>semper</span> <span class='ocrx_word' id='word_1_53' title='bbox 1023 725 1225 808; x_wconf 74' lang='lat' dir='ltr'><strong>approbaverit</strong></span> <span class='ocrx_word' id='word_1_54' title='bbox 1242 726 1272 785; x_wconf 91' lang='lat' dir='ltr'>in</span> <span class='ocrx_word' id='word_1_55' title='bbox 1293 725 1338 785; x_wconf 86' lang='lat' dir='ltr'>fo·</span> 
     </span>
     <span class='ocr_line' id='line_1_7' title="bbox 203 790 1337 889; baseline -0.006 -18"><span class='ocrx_word' id='word_1_56' title='bbox 203 808 297 872; x_wconf 82' lang='lat' dir='ltr'>vendo</span> <span class='ocrx_word' id='word_1_57' title='bbox 317 815 347 867; x_wconf 90' lang='lat' dir='ltr'>et</span> <span class='ocrx_word' id='word_1_58' title='bbox 367 805 472 866; x_wconf 85' lang='lat' dir='ltr'>tuendo</span> <span class='ocrx_word' id='word_1_59' title='bbox 493 805 610 884; x_wconf 87' lang='lat' dir='ltr'>populo.</span> <span class='ocrx_word' id='word_1_60' title='bbox 631 801 692 864; x_wconf 82' lang='lat' dir='ltr'>Etsi</span> <span class='ocrx_word' id='word_1_61' title='bbox 707 812 807 889; x_wconf 28' lang='lat' dir='ltr'>‘autem</span> <span class='ocrx_word' id='word_1_62' title='bbox 817 807 993 864; x_wconf 80' lang='lat' dir='ltr'>verissimum</span> <span class='ocrx_word' id='word_1_63' title='bbox 1014 813 1067 878; x_wconf 83' lang='lat' dir='ltr'>est,</span> <span class='ocrx_word' id='word_1_64' title='bbox 1087 805 1115 864; x_wconf 89' lang='lat' dir='ltr'>io</span> <span class='ocrx_word' id='word_1_65' title='bbox 1127 803 1182 864; x_wconf 84' lang='lat' dir='ltr'>Dei</span> <span class='ocrx_word' id='word_1_66' title='bbox 1199 790 1337 886; x_wconf 74' lang='lat' dir='ltr'>opd&#39;ibus</span> 
     </span>
     <span class='ocr_line' id='line_1_8' title="bbox 203 883 1338 965; baseline -0.004 -16"><span class='ocrx_word' id='word_1_67' title='bbox 203 895 233 950; x_wconf 89' lang='lat' dir='ltr'>et</span> <span class='ocrx_word' id='word_1_68' title='bbox 251 887 360 948; x_wconf 80' lang='lat' dir='ltr'>iudiciis</span> <span class='ocrx_word' id='word_1_69' title='bbox 379 902 491 964; x_wconf 83' lang='lat' dir='ltr'><strong>semper</strong></span> <span class='ocrx_word' id='word_1_70' title='bbox 511 883 653 944; x_wconf 83' lang='lat' dir='ltr'><strong>refulsisse</strong></span> <span class='ocrx_word' id='word_1_71' title='bbox 672 903 814 945; x_wconf 88' lang='lat' dir='ltr'>summam</span> <span class='ocrx_word' id='word_1_72' title='bbox 833 885 985 958; x_wconf 85' lang='lat' dir='ltr'>iustitiam,</span> <span class='ocrx_word' id='word_1_73' title='bbox 1015 885 1128 944; x_wconf 85' lang='lat' dir='ltr'>videtur</span> <span class='ocrx_word' id='word_1_74' title='bbox 1153 891 1248 944; x_wconf 89' lang='lat' dir='ltr'>tamen</span> <span class='ocrx_word' id='word_1_75' title='bbox 1268 905 1338 965; x_wconf 92' lang='lat' dir='ltr'>pro-</span> 
     </span>
     <span class='ocr_line' id='line_1_9' title="bbox 171 961 1336 1045; baseline -0.004 -16"><span class='ocrx_word' id='word_1_76' title='bbox 171 991 175 1000; x_wconf 90' lang='lat'><strong>·</strong></span> <span class='ocrx_word' id='word_1_77' title='bbox 202 967 321 1029; x_wconf 81' lang='lat' dir='ltr'>habilius</span> <span class='ocrx_word' id='word_1_78' title='bbox 341 963 376 1024; x_wconf 92' lang='lat' dir='ltr'>de</span> <span class='ocrx_word' id='word_1_79' title='bbox 395 963 523 1035; x_wconf 82' lang='lat' dir='ltr'>doctrina</span> <span class='ocrx_word' id='word_1_80' title='bbox 542 963 599 1022; x_wconf 88' lang='lat' dir='ltr'>hue</span> <span class='ocrx_word' id='word_1_81' title='bbox 617 964 745 1043; x_wconf 77' lang='lat' dir='ltr'>intelligi,</span> <span class='ocrx_word' id='word_1_82' title='bbox 764 961 932 1045; x_wconf 85' lang='lat' dir='ltr'>quodDeus</span> <span class='ocrx_word' id='word_1_83' title='bbox 952 963 1003 1043; x_wconf 93' lang='lat' dir='ltr'>qui</span> <span class='ocrx_word' id='word_1_84' title='bbox 1023 965 1158 1026; x_wconf 87' lang='lat' dir='ltr'>iustitium</span> <span class='ocrx_word' id='word_1_85' title='bbox 1178 971 1263 1039; x_wconf 83' lang='lat' dir='ltr'>aurat,</span> <span class='ocrx_word' id='word_1_86' title='bbox 1282 965 1336 1024; x_wconf 89' lang='lat' dir='ltr'>im·</span> 
     </span>
     <span class='ocr_line' id='line_1_10' title="bbox 240 1035 1337 1124; baseline -0.003 -17"><span class='ocrx_word' id='word_1_87' title='bbox 240 1047 274 1107; x_wconf 83' lang='lat' dir='ltr'>rii</span> <span class='ocrx_word' id='word_1_88' title='bbox 292 1047 413 1104; x_wconf 84' lang='lat' dir='ltr'>formam</span> <span class='ocrx_word' id='word_1_89' title='bbox 434 1043 586 1103; x_wconf 89' lang='lat' dir='ltr'>instituerit</span> <span class='ocrx_word' id='word_1_90' title='bbox 605 1045 633 1102; x_wconf 95' lang='lat' dir='ltr'>in</span> <span class='ocrx_word' id='word_1_91' title='bbox 654 1045 762 1124; x_wconf 89' lang='lat' dir='ltr'>populo</span> <span class='ocrx_word' id='word_1_92' title='bbox 782 1043 883 1119; x_wconf 75' lang='lat' dir='ltr'>lsrnitl,</span> <span class='ocrx_word' id='word_1_93' title='bbox 902 1035 987 1122; x_wconf 63' lang='lat' dir='ltr'>&#39;hune</span> <span class='ocrx_word' id='word_1_94' title='bbox 1013 1039 1121 1123; x_wconf 85' lang='lat' dir='ltr'>optima</span> <span class='ocrx_word' id='word_1_95' title='bbox 1145 1050 1220 1103; x_wconf 87' lang='lat' dir='ltr'>esset</span> <span class='ocrx_word' id='word_1_96' title='bbox 1245 1043 1337 1122; x_wconf 87' lang='lat' dir='ltr'>probe</span> 
     </span>
     <span class='ocr_line' id='line_1_11' title="bbox 201 1121 1337 1204; baseline -0.006 -16"><span class='ocrx_word' id='word_1_97' title='bbox 201 1134 333 1204; x_wconf 80' lang='lat' dir='ltr'>iusteque</span> <span class='ocrx_word' id='word_1_98' title='bbox 351 1122 466 1184; x_wconf 80' lang='lat' dir='ltr'>visendi</span> <span class='ocrx_word' id='word_1_99' title='bbox 490 1121 597 1202; x_wconf 78' lang='lat' dir='ltr'>regula.</span> <span class='ocrx_word' id='word_1_100' title='bbox 637 1121 679 1181; x_wconf 87' lang='lat' dir='ltr'>lta</span> <span class='ocrx_word' id='word_1_101' title='bbox 699 1123 936 1204; x_wconf 77' lang='lat' dir='ltr'>verhutasueere</span> <span class='ocrx_word' id='word_1_102' title='bbox 954 1123 1111 1204; x_wconf 83' lang='lat' dir='ltr'>improprie</span> <span class='ocrx_word' id='word_1_103' title='bbox 1131 1129 1264 1182; x_wconf 77' lang='lat' dir='ltr'>sumetur</span> <span class='ocrx_word' id='word_1_104' title='bbox 1280 1143 1337 1204; x_wconf 86' lang='lat' dir='ltr'>pro</span> 
     </span>
     <span class='ocr_line' id='line_1_12' title="bbox 201 1199 1336 1284; baseline -0.006 -16"><span class='ocrx_word' id='word_1_105' title='bbox 201 1205 337 1268; x_wconf 85' lang='lat' dir='ltr'>nrandare</span> <span class='ocrx_word' id='word_1_106' title='bbox 356 1203 404 1262; x_wconf 88' lang='lat' dir='ltr'>vel</span> <span class='ocrx_word' id='word_1_107' title='bbox 423 1203 594 1284; x_wconf 80' lang='lat' dir='ltr'>praecipere.</span> <span class='ocrx_word' id='word_1_108' title='bbox 624 1199 684 1261; x_wconf 90' lang='lat' dir='ltr'>Nisi</span> <span class='ocrx_word' id='word_1_109' title='bbox 704 1203 778 1264; x_wconf 84' lang='lat' dir='ltr'>sorte</span> <span class='ocrx_word' id='word_1_110' title='bbox 791 1204 860 1264; x_wconf 77' lang='lat' dir='ltr'>buo·</span> <span class='ocrx_word' id='word_1_111' title='bbox 873 1209 1050 1282; x_wconf 84' lang='lat' dir='ltr'>postremum</span> <span class='ocrx_word' id='word_1_112' title='bbox 1071 1203 1106 1262; x_wconf 90' lang='lat' dir='ltr'>de</span> <span class='ocrx_word' id='word_1_113' title='bbox 1126 1204 1188 1284; x_wconf 80' lang='lat' dir='ltr'>ipsa</span> <span class='ocrx_word' id='word_1_114' title='bbox 1208 1199 1264 1262; x_wconf 88' lang='lat' dir='ltr'>Dei</span> <span class='ocrx_word' id='word_1_115' title='bbox 1290 1207 1296 1215; x_wconf 86' lang='lat'>&#39;</span> <span class='ocrx_word' id='word_1_116' title='bbox 1326 1238 1336 1252; x_wconf 91' lang='lat'><strong>·</strong></span> 
     </span>
     <span class='ocr_line' id='line_1_13' title="bbox 200 1223 1336 1364; baseline -0.004 -19"><span class='ocrx_word' id='word_1_117' title='bbox 200 1283 367 1345; x_wconf 89' lang='lat' dir='ltr'>bernatiune</span> <span class='ocrx_word' id='word_1_118' title='bbox 386 1301 516 1342; x_wconf 87' lang='lat' dir='ltr'>seorsum</span> <span class='ocrx_word' id='word_1_119' title='bbox 535 1283 664 1360; x_wconf 83' lang='lat' dir='ltr'>accipere</span> <span class='ocrx_word' id='word_1_120' title='bbox 704 1267 802 1358; x_wconf 85' lang='lat' dir='ltr'>laceat,</span> <span class='ocrx_word' id='word_1_121' title='bbox 821 1283 900 1364; x_wconf 88' lang='lat' dir='ltr'>qnod</span> <span class='ocrx_word' id='word_1_122' title='bbox 920 1281 990 1341; x_wconf 89' lang='lat' dir='ltr'>mibi</span> <span class='ocrx_word' id='word_1_123' title='bbox 1009 1302 1068 1342; x_wconf 93' lang='lat' dir='ltr'>non</span> <span class='ocrx_word' id='word_1_124' title='bbox 1089 1281 1225 1362; x_wconf 85' lang='lat' dir='ltr'>displicet.</span> <span class='ocrx_word' id='word_1_125' title='bbox 1256 1223 1336 1341; x_wconf 64' lang='lat' dir='ltr'>Nffib</span> 
     </span>
     <span class='ocr_line' id='line_1_14' title="bbox 188 1301 1428 1443; baseline -0.003 -19"><span class='ocrx_word' id='word_1_126' title='bbox 188 1368 276 1425; x_wconf 66' lang='lat' dir='ltr'>‘euim</span> <span class='ocrx_word' id='word_1_127' title='bbox 296 1364 333 1424; x_wconf 91' lang='lat' dir='ltr'>ad</span> <span class='ocrx_word' id='word_1_128' title='bbox 353 1361 555 1443; x_wconf 84' lang='lat' dir='ltr'>praestandum</span> <span class='ocrx_word' id='word_1_129' title='bbox 576 1359 640 1420; x_wconf 87' lang='lat' dir='ltr'>Deo</span> <span class='ocrx_word' id='word_1_130' title='bbox 661 1301 828 1442; x_wconf 50' lang='lat' dir='ltr'>obsequium</span> <span class='ocrx_word' id='word_1_131' title='bbox 852 1364 942 1443; x_wconf 79' lang='lat' dir='ltr'>magis</span> <span class='ocrx_word' id='word_1_132' title='bbox 964 1363 1072 1424; x_wconf 83' lang='lat' dir='ltr'>animat</span> <span class='ocrx_word' id='word_1_133' title='bbox 1095 1361 1207 1435; x_wconf 70' lang='lat' dir='ltr'>fideles,</span> <span class='ocrx_word' id='word_1_134' title='bbox 1232 1362 1280 1420; x_wconf 83' lang='lat' dir='ltr'>vel</span> <span class='ocrx_word' id='word_1_135' title='bbox 1305 1363 1337 1420; x_wconf 87' lang='lat' dir='ltr'>iu</span> <span class='ocrx_word' id='word_1_136' title='bbox 1427 1373 1428 1380; x_wconf 75' lang='grc'>’</span> 
     </span>
     <span class='ocr_line' id='line_1_15' title="bbox 199 1438 1338 1522; baseline -0.004 -18"><span class='ocrx_word' id='word_1_137' title='bbox 199 1445 296 1506; x_wconf 87' lang='lat' dir='ltr'>studio</span> <span class='ocrx_word' id='word_1_138' title='bbox 321 1440 477 1504; x_wconf 82' lang='lat' dir='ltr'>servandae</span> <span class='ocrx_word' id='word_1_139' title='bbox 499 1438 583 1519; x_wconf 83' lang='lat' dir='ltr'>Legis</span> <span class='ocrx_word' id='word_1_140' title='bbox 608 1439 771 1516; x_wconf 78' lang='lat' dir='ltr'>enulirmat,</span> <span class='ocrx_word' id='word_1_141' title='bbox 802 1441 982 1522; x_wconf 78' lang='lat' dir='ltr'>quemdum</span> <span class='ocrx_word' id='word_1_142' title='bbox 1007 1442 1124 1522; x_wconf 73' lang='lat' dir='ltr'>reipsa</span> <span class='ocrx_word' id='word_1_143' title='bbox 1145 1443 1338 1521; x_wconf 68' lang='lat' dir='ltr'>experiuntur</span> 
     </span>
     <span class='ocr_line' id='line_1_16' title="bbox 199 1521 1428 1610; baseline -0.003 -26"><span class='ocrx_word' id='word_1_144' title='bbox 199 1521 266 1585; x_wconf 87' lang='lat' dir='ltr'>Deo</span> <span class='ocrx_word' id='word_1_145' title='bbox 287 1543 317 1586; x_wconf 88' lang='lat' dir='ltr'>se</span> <span class='ocrx_word' id='word_1_146' title='bbox 337 1540 398 1582; x_wconf 85' lang='lat' dir='ltr'>esse</span> <span class='ocrx_word' id='word_1_147' title='bbox 418 1537 516 1581; x_wconf 82' lang='lat' dir='ltr'>curae:</span> <span class='ocrx_word' id='word_1_148' title='bbox 535 1528 565 1581; x_wconf 87' lang='lat' dir='ltr'>et</span> <span class='ocrx_word' id='word_1_149' title='bbox 584 1537 673 1602; x_wconf 85' lang='lat' dir='ltr'>quem</span> <span class='ocrx_word' id='word_1_150' title='bbox 690 1540 708 1585; x_wconf 85' lang='lat' dir='ltr'>a</span> <span class='ocrx_word' id='word_1_151' title='bbox 726 1524 787 1584; x_wconf 87' lang='lat' dir='ltr'>suis</span> <span class='ocrx_word' id='word_1_152' title='bbox 806 1523 943 1586; x_wconf 82' lang='lat' dir='ltr'>iustitiam</span> <span class='ocrx_word' id='word_1_153' title='bbox 962 1540 1093 1586; x_wconf 66' lang='lat' dir='ltr'>emmone</span> <span class='ocrx_word' id='word_1_154' title='bbox 1105 1523 1233 1604; x_wconf 76' lang='lat' dir='ltr'>reqrririt,</span> <span class='ocrx_word' id='word_1_155' title='bbox 1252 1521 1336 1582; x_wconf 88' lang='lat' dir='ltr'>laetis</span> <span class='ocrx_word' id='word_1_156' title='bbox 1427 1595 1428 1610; x_wconf 11' lang='grc' dir='ltr'>χ</span> 
     </span>
     <span class='ocr_line' id='line_1_17' title="bbox 151 1607 1007 1686; baseline -0.009 -20"><span class='ocrx_word' id='word_1_157' title='bbox 151 1665 156 1674; x_wconf 67' lang='grc'>,</span> <span class='ocrx_word' id='word_1_158' title='bbox 198 1611 301 1666; x_wconf 87' lang='lat' dir='ltr'>mutuo</span> <span class='ocrx_word' id='word_1_159' title='bbox 320 1607 473 1686; x_wconf 87' lang='lat' dir='ltr'>praestare.</span> <span class='ocrx_word' id='word_1_160' title='bbox 542 1625 553 1644; x_wconf 89' lang='lat'><strong>·</strong></span> <span class='ocrx_word' id='word_1_161' title='bbox 1004 1637 1007 1645; x_wconf 22' lang='grc' dir='ltr'>Α</span> 
     </span>
    </p>
   </div>
   <div class='ocr_carea' id='block_1_3' title="bbox 198 1757 1337 1998">
    <p class='ocr_par' dir='ltr' id='par_1_4' title="bbox 198 1757 1337 1998">
     <span class='ocr_line' id='line_1_18' title="bbox 287 1757 1336 1886; baseline -0.003 -16"><span class='ocrx_word' id='word_1_162' title='bbox 287 1803 320 1872; x_wconf 87' lang='grc'>5.</span> <span class='ocrx_word' id='word_1_163' title='bbox 352 1801 497 1870; x_wconf 75' lang='lat' dir='ltr'>Exultate</span> <span class='ocrx_word' id='word_1_164' title='bbox 518 1757 667 1868; x_wconf 82' lang='lat' dir='ltr'>lehovam</span> <span class='ocrx_word' id='word_1_165' title='bbox 690 1791 982 1886; x_wconf 65' lang='lat' dir='ltr'>penuriosum,</span> <span class='ocrx_word' id='word_1_166' title='bbox 1008 1811 1041 1870; x_wconf 90' lang='lat' dir='ltr'>et</span> <span class='ocrx_word' id='word_1_167' title='bbox 1062 1801 1189 1872; x_wconf 88' lang='lat' dir='ltr'>adorate</span> <span class='ocrx_word' id='word_1_168' title='bbox 1211 1800 1252 1868; x_wconf 83' lang='lat' dir='ltr'>ad</span> <span class='ocrx_word' id='word_1_169' title='bbox 1274 1823 1336 1868; x_wconf 84' lang='lat' dir='ltr'>sea-</span> 
     </span>
     <span class='ocr_line' id='line_1_19' title="bbox 198 1905 1337 1998; baseline -0.001 -21"><span class='ocrx_word' id='word_1_170' title='bbox 198 1907 318 1977; x_wconf 88' lang='lat' dir='ltr'>bellum</span> <span class='ocrx_word' id='word_1_171' title='bbox 338 1909 458 1998; x_wconf 89' lang='lat' dir='ltr'>pedum</span> <span class='ocrx_word' id='word_1_172' title='bbox 480 1907 563 1977; x_wconf 84' lang='lat' dir='ltr'>eius:</span> <span class='ocrx_word' id='word_1_173' title='bbox 592 1916 718 1976; x_wconf 86' lang='lat' dir='ltr'>sanetus</span> <span class='ocrx_word' id='word_1_174' title='bbox 745 1917 804 1976; x_wconf 84' lang='lat' dir='ltr'>est</span> <span class='ocrx_word' id='word_1_175' title='bbox 848 1907 880 1976; x_wconf 88' lang='grc'>6.</span> <span class='ocrx_word' id='word_1_176' title='bbox 912 1907 1021 1976; x_wconf 84' lang='lat' dir='ltr'>llloses</span> <span class='ocrx_word' id='word_1_177' title='bbox 1044 1919 1078 1976; x_wconf 88' lang='lat' dir='ltr'>et</span> <span class='ocrx_word' id='word_1_178' title='bbox 1097 1908 1206 1976; x_wconf 62' lang='lat' dir='ltr'>meon</span> <span class='ocrx_word' id='word_1_179' title='bbox 1227 1905 1261 1974; x_wconf 91' lang='lat' dir='ltr'>in</span> <span class='ocrx_word' id='word_1_180' title='bbox 1281 1906 1337 1976; x_wconf 71' lang='lat' dir='ltr'>Se</span> 
     </span>
    </p>
   </div>
   <div class='ocr_carea' id='block_1_4' title="bbox 97 2011 1428 2752">
    <p class='ocr_par' dir='ltr' id='par_1_5' title="bbox 97 2011 1381 2629">
     <span class='ocr_line' id='line_1_20' title="bbox 199 2011 1336 2102; baseline -0.005 -18"><span class='ocrx_word' id='word_1_181' title='bbox 199 2011 377 2084; x_wconf 87' lang='lat' dir='ltr'>cerdolibus</span> <span class='ocrx_word' id='word_1_182' title='bbox 399 2015 483 2102; x_wconf 86' lang='lat' dir='ltr'>eius,</span> <span class='ocrx_word' id='word_1_183' title='bbox 513 2023 545 2080; x_wconf 82' lang='lat' dir='ltr'>et</span> <span class='ocrx_word' id='word_1_184' title='bbox 566 2011 696 2082; x_wconf 88' lang='lat' dir='ltr'>Samuel</span> <span class='ocrx_word' id='word_1_185' title='bbox 718 2011 1002 2082; x_wconf 83' lang='lat' dir='ltr'>interinvocantes</span> <span class='ocrx_word' id='word_1_186' title='bbox 1023 2035 1143 2081; x_wconf 89' lang='lat' dir='ltr'>nomen</span> <span class='ocrx_word' id='word_1_187' title='bbox 1166 2012 1250 2096; x_wconf 85' lang='lat' dir='ltr'>eins,</span> <span class='ocrx_word' id='word_1_188' title='bbox 1277 2013 1336 2080; x_wconf 83' lang='lat' dir='ltr'>ele-</span> 
     </span>
     <span class='ocr_line' id='line_1_21' title="bbox 198 2117 1381 2216; baseline -0.001 -27"><span class='ocrx_word' id='word_1_189' title='bbox 198 2131 366 2190; x_wconf 86' lang='lat' dir='ltr'>maverunt</span> <span class='ocrx_word' id='word_1_190' title='bbox 394 2119 434 2188; x_wconf 89' lang='lat' dir='ltr'>ad</span> <span class='ocrx_word' id='word_1_191' title='bbox 461 2119 628 2203; x_wconf 68' lang='lat' dir='ltr'>lehunum,</span> <span class='ocrx_word' id='word_1_192' title='bbox 662 2129 694 2188; x_wconf 87' lang='lat' dir='ltr'>et</span> <span class='ocrx_word' id='word_1_193' title='bbox 724 2119 793 2212; x_wconf 87' lang='lat' dir='ltr'>ipse</span> <span class='ocrx_word' id='word_1_194' title='bbox 815 2121 1026 2212; x_wconf 88' lang='lat' dir='ltr'>respondebat</span> <span class='ocrx_word' id='word_1_195' title='bbox 1054 2117 1110 2188; x_wconf 86' lang='lat' dir='ltr'>eis.</span> <span class='ocrx_word' id='word_1_196' title='bbox 1151 2117 1191 2216; x_wconf 72' lang='lat' dir='ltr'>t.</span> <span class='ocrx_word' id='word_1_197' title='bbox 1220 2118 1257 2186; x_wconf 94' lang='lat' dir='ltr'>ln</span> <span class='ocrx_word' id='word_1_198' title='bbox 1286 2143 1337 2188; x_wconf 90' lang='lat' dir='ltr'>co·</span> <span class='ocrx_word' id='word_1_199' title='bbox 1374 2205 1381 2214; x_wconf 29' lang='lat'><strong><em>¹</em></strong></span> 
     </span>
     <span class='ocr_line' id='line_1_22' title="bbox 195 2224 1337 2316; baseline 0.001 -22"><span class='ocrx_word' id='word_1_200' title='bbox 195 2228 307 2294; x_wconf 87' lang='lat' dir='ltr'>lumna</span> <span class='ocrx_word' id='word_1_201' title='bbox 327 2225 421 2294; x_wconf 88' lang='lat' dir='ltr'>nubis</span> <span class='ocrx_word' id='word_1_202' title='bbox 442 2226 595 2316; x_wconf 79' lang='lat' dir='ltr'>loquutus</span> <span class='ocrx_word' id='word_1_203' title='bbox 618 2226 807 2309; x_wconf 71' lang='lat' dir='ltr'>mesdeus,</span> <span class='ocrx_word' id='word_1_204' title='bbox 828 2227 1046 2298; x_wconf 69' lang='lat' dir='ltr'>custudierunt</span> <span class='ocrx_word' id='word_1_205' title='bbox 1060 2224 1241 2294; x_wconf 85' lang='lat' dir='ltr'>testimonia</span> <span class='ocrx_word' id='word_1_206' title='bbox 1257 2227 1337 2308; x_wconf 85' lang='lat' dir='ltr'>eins,</span> 
     </span>
     <span class='ocr_line' id='line_1_23' title="bbox 97 2319 1335 2424; baseline -0.004 -21"><span class='ocrx_word' id='word_1_207' title='bbox 97 2397 106 2412; x_wconf 77' lang='grc'><em>,</em></span> <span class='ocrx_word' id='word_1_208' title='bbox 197 2344 230 2402; x_wconf 87' lang='lat' dir='ltr'>et</span> <span class='ocrx_word' id='word_1_209' title='bbox 252 2343 405 2402; x_wconf 84' lang='lat' dir='ltr'>statutum</span> <span class='ocrx_word' id='word_1_210' title='bbox 427 2332 515 2424; x_wconf 89' lang='lat' dir='ltr'>quod</span> <span class='ocrx_word' id='word_1_211' title='bbox 538 2331 624 2399; x_wconf 85' lang='lat' dir='ltr'>dedit</span> <span class='ocrx_word' id='word_1_212' title='bbox 645 2331 714 2399; x_wconf 89' lang='lat' dir='ltr'>illis.</span> <span class='ocrx_word' id='word_1_213' title='bbox 748 2319 793 2399; x_wconf 85' lang='grc'>’8.</span> <span class='ocrx_word' id='word_1_214' title='bbox 824 2331 941 2401; x_wconf 81' lang='lat' dir='ltr'>lehara</span> <span class='ocrx_word' id='word_1_215' title='bbox 963 2332 1054 2406; x_wconf 86' lang='lat' dir='ltr'>Deus</span> <span class='ocrx_word' id='word_1_216' title='bbox 1076 2341 1199 2420; x_wconf 88' lang='lat' dir='ltr'>noster,</span> <span class='ocrx_word' id='word_1_217' title='bbox 1231 2343 1267 2399; x_wconf 89' lang='lat' dir='ltr'>tu</span> <span class='ocrx_word' id='word_1_218' title='bbox 1289 2353 1335 2399; x_wconf 88' lang='lat' dir='ltr'>re-</span> 
     </span>
     <span class='ocr_line' id='line_1_24' title="bbox 197 2437 1333 2533; baseline -0.004 -24"><span class='ocrx_word' id='word_1_219' title='bbox 197 2439 352 2533; x_wconf 77' lang='lat' dir='ltr'>spondisti</span> <span class='ocrx_word' id='word_1_220' title='bbox 372 2438 443 2520; x_wconf 90' lang='lat' dir='ltr'>illis,</span> <span class='ocrx_word' id='word_1_221' title='bbox 465 2437 555 2506; x_wconf 86' lang='lat' dir='ltr'>Deus</span> <span class='ocrx_word' id='word_1_222' title='bbox 578 2439 731 2530; x_wconf 84' lang='lat' dir='ltr'>propitius</span> <span class='ocrx_word' id='word_1_223' title='bbox 755 2437 838 2506; x_wconf 82' lang='lat' dir='ltr'>luisti</span> <span class='ocrx_word' id='word_1_224' title='bbox 861 2437 931 2522; x_wconf 85' lang='lat' dir='ltr'>illis,</span> <span class='ocrx_word' id='word_1_225' title='bbox 958 2449 990 2506; x_wconf 87' lang='lat' dir='ltr'>et</span> <span class='ocrx_word' id='word_1_226' title='bbox 1012 2439 1096 2510; x_wconf 85' lang='lat' dir='ltr'>ultor</span> <span class='ocrx_word' id='word_1_227' title='bbox 1117 2463 1213 2532; x_wconf 86' lang='lat' dir='ltr'>super</span> <span class='ocrx_word' id='word_1_228' title='bbox 1237 2461 1333 2530; x_wconf 84' lang='lat' dir='ltr'>opera</span> 
     </span>
     <span class='ocr_line' id='line_1_25' title="bbox 196 2543 1332 2629; baseline -0.006 -12"><span class='ocrx_word' id='word_1_229' title='bbox 196 2568 319 2617; x_wconf 88' lang='lat' dir='ltr'>eorum.</span> <span class='ocrx_word' id='word_1_230' title='bbox 364 2546 396 2613; x_wconf 88' lang='lat'>9.</span> <span class='ocrx_word' id='word_1_231' title='bbox 428 2543 573 2613; x_wconf 79' lang='lat' dir='ltr'>Exultate</span> <span class='ocrx_word' id='word_1_232' title='bbox 594 2544 749 2614; x_wconf 78' lang='lat' dir='ltr'>lebouam.</span> <span class='ocrx_word' id='word_1_233' title='bbox 767 2545 876 2612; x_wconf 88' lang='lat' dir='ltr'>Deum</span> <span class='ocrx_word' id='word_1_234' title='bbox 902 2556 1061 2629; x_wconf 86' lang='lat' dir='ltr'>nostrum,</span> <span class='ocrx_word' id='word_1_235' title='bbox 1083 2557 1117 2614; x_wconf 87' lang='lat' dir='ltr'>et</span> <span class='ocrx_word' id='word_1_236' title='bbox 1141 2545 1269 2614; x_wconf 75' lang='lat' dir='ltr'>adorate</span> <span class='ocrx_word' id='word_1_237' title='bbox 1289 2545 1332 2610; x_wconf 87' lang='lat' dir='ltr'>ud</span> 
     </span>
    </p>

    <p class='ocr_par' dir='ltr' id='par_1_6' title="bbox 196 2641 1428 2752">
     <span class='ocr_line' id='line_1_26' title="bbox 196 2641 1428 2752; baseline -0.005 -30"><span class='ocrx_word' id='word_1_238' title='bbox 196 2663 342 2724; x_wconf 87' lang='lat' dir='ltr'>montem</span> <span class='ocrx_word' id='word_1_239' title='bbox 364 2652 534 2718; x_wconf 85' lang='lat' dir='ltr'>sanctitatis</span> <span class='ocrx_word' id='word_1_240' title='bbox 557 2651 640 2736; x_wconf 93' lang='lat' dir='ltr'>eius,</span> <span class='ocrx_word' id='word_1_241' title='bbox 663 2653 737 2742; x_wconf 87' lang='lat' dir='ltr'>quia</span> <span class='ocrx_word' id='word_1_242' title='bbox 759 2651 1024 2750; x_wconf 29' lang='lat' dir='ltr'>sanetns&#39;lebova</span> <span class='ocrx_word' id='word_1_243' title='bbox 1046 2653 1138 2720; x_wconf 88' lang='lat' dir='ltr'>Deus</span> <span class='ocrx_word' id='word_1_244' title='bbox 1159 2659 1276 2731; x_wconf 85' lang='lat' dir='ltr'>noster.</span> <span class='ocrx_word' id='word_1_245' title='bbox 1299 2725 1305 2752; x_wconf 33' lang='grc' dir='ltr'><strong>ι</strong></span> <span class='ocrx_word' id='word_1_246' title='bbox 1427 2641 1428 2652; x_wconf 64' lang='grc'>’</span> 
     </span>
    </p>
   </div>
   <div class='ocr_carea' id='block_1_5' title="bbox 179 2793 1428 3356">
    <p class='ocr_par' dir='ltr' id='par_1_7' title="bbox 179 2793 1428 3356">
     <span class='ocr_line' id='line_1_27' title="bbox 275 2793 1334 2862; baseline -0.006 0"><span class='ocrx_word' id='word_1_247' title='bbox 275 2798 305 2862; x_wconf 76' lang='grc'>5.</span> <span class='ocrx_word' id='word_1_248' title='bbox 325 2799 467 2859; x_wconf 80' lang='lat' dir='ltr'>Exullole</span> <span class='ocrx_word' id='word_1_249' title='bbox 485 2797 626 2858; x_wconf 81' lang='lat' dir='ltr'>Iebouum</span> <span class='ocrx_word' id='word_1_250' title='bbox 644 2799 750 2856; x_wconf 87' lang='lat' dir='ltr'>Deum.</span> <span class='ocrx_word' id='word_1_251' title='bbox 789 2793 960 2858; x_wconf 80' lang='lat' dir='ltr'>Exhortatio</span> <span class='ocrx_word' id='word_1_252' title='bbox 978 2795 1050 2858; x_wconf 82' lang='lat' dir='ltr'>bueo</span> <span class='ocrx_word' id='word_1_253' title='bbox 1068 2795 1106 2857; x_wconf 84' lang='lat' dir='ltr'>ad</span> <span class='ocrx_word' id='word_1_254' title='bbox 1125 2795 1215 2857; x_wconf 77' lang='lat' dir='ltr'>solem</span> <span class='ocrx_word' id='word_1_255' title='bbox 1234 2793 1334 2856; x_wconf 82' lang='lat' dir='ltr'>Ende-</span> 
     </span>
     <span class='ocr_line' id='line_1_28' title="bbox 186 2874 1334 2960; baseline -0.004 -21"><span class='ocrx_word' id='word_1_256' title='bbox 186 2879 269 2939; x_wconf 79' lang='lat' dir='ltr'>siam</span> <span class='ocrx_word' id='word_1_257' title='bbox 294 2878 411 2960; x_wconf 86' lang='lat' dir='ltr'>proprie</span> <span class='ocrx_word' id='word_1_258' title='bbox 435 2875 577 2956; x_wconf 80' lang='lat' dir='ltr'>dirigitur,</span> <span class='ocrx_word' id='word_1_259' title='bbox 607 2881 641 2934; x_wconf 91' lang='lat' dir='ltr'>nt</span> <span class='ocrx_word' id='word_1_260' title='bbox 659 2874 717 2936; x_wconf 88' lang='lat' dir='ltr'>Dei</span> <span class='ocrx_word' id='word_1_261' title='bbox 740 2877 861 2955; x_wconf 75' lang='lat' dir='ltr'>glutiam</span> <span class='ocrx_word' id='word_1_262' title='bbox 884 2882 1017 2956; x_wconf 82' lang='lat' dir='ltr'>experte,</span> <span class='ocrx_word' id='word_1_263' title='bbox 1045 2895 1081 2938; x_wconf 92' lang='lat' dir='ltr'>eo</span> <span class='ocrx_word' id='word_1_264' title='bbox 1105 2875 1275 2938; x_wconf 73' lang='lat' dir='ltr'>aedredus</span> <span class='ocrx_word' id='word_1_265' title='bbox 1295 2876 1334 2935; x_wconf 88' lang='lat' dir='ltr'>ad</span> 
     </span>
     <span class='ocr_line' id='line_1_29' title="bbox 196 2945 1333 3038; baseline -0.003 -19"><span class='ocrx_word' id='word_1_266' title='bbox 196 2959 308 3020; x_wconf 88' lang='lat' dir='ltr'>eultum</span> <span class='ocrx_word' id='word_1_267' title='bbox 328 2957 439 3038; x_wconf 82' lang='lat' dir='ltr'>pietatis</span> <span class='ocrx_word' id='word_1_268' title='bbox 458 2956 577 3016; x_wconf 80' lang='lat' dir='ltr'>addicat.</span> <span class='ocrx_word' id='word_1_269' title='bbox 617 2953 738 3020; x_wconf 87' lang='lat' dir='ltr'>ludaeos</span> <span class='ocrx_word' id='word_1_270' title='bbox 757 2973 826 3034; x_wconf 71' lang='lat' dir='ltr'>ergo</span> <span class='ocrx_word' id='word_1_271' title='bbox 844 2954 882 3014; x_wconf 89' lang='lat' dir='ltr'>ad</span> <span class='ocrx_word' id='word_1_272' title='bbox 902 2955 1013 3032; x_wconf 87' lang='lat' dir='ltr'>Deum,</span> <span class='ocrx_word' id='word_1_273' title='bbox 1036 2957 1088 3038; x_wconf 83' lang='lat' dir='ltr'>qui</span> <span class='ocrx_word' id='word_1_274' title='bbox 1107 2963 1167 3016; x_wconf 84' lang='lat' dir='ltr'>tarn</span> <span class='ocrx_word' id='word_1_275' title='bbox 1182 2945 1333 3034; x_wconf 76' lang='lat' dir='ltr'>presuleie</span> 
     </span>
     <span class='ocr_line' id='line_1_30' title="bbox 195 3034 1333 3118; baseline -0.001 -20"><span class='ocrx_word' id='word_1_276' title='bbox 195 3037 252 3098; x_wconf 87' lang='lat' dir='ltr'>illis</span> <span class='ocrx_word' id='word_1_277' title='bbox 273 3037 428 3118; x_wconf 80' lang='lat' dir='ltr'>opitulatus</span> <span class='ocrx_word' id='word_1_278' title='bbox 447 3041 500 3108; x_wconf 84' lang='lat' dir='ltr'>est,</span> <span class='ocrx_word' id='word_1_279' title='bbox 519 3034 716 3095; x_wconf 82' lang='lat' dir='ltr'>extollendum</span> <span class='ocrx_word' id='word_1_280' title='bbox 734 3034 842 3111; x_wconf 78' lang='lat' dir='ltr'>inuitat,</span> <span class='ocrx_word' id='word_1_281' title='bbox 861 3041 892 3094; x_wconf 81' lang='lat' dir='ltr'>et</span> <span class='ocrx_word' id='word_1_282' title='bbox 905 3035 985 3096; x_wconf 86' lang='lat' dir='ltr'>iubet</span> <span class='ocrx_word' id='word_1_283' title='bbox 998 3037 1108 3096; x_wconf 83' lang='lat' dir='ltr'>uultum</span> <span class='ocrx_word' id='word_1_284' title='bbox 1123 3034 1239 3116; x_wconf 68' lang='lat' dir='ltr'>irhege</span> <span class='ocrx_word' id='word_1_285' title='bbox 1251 3053 1333 3099; x_wconf 76' lang='lat' dir='ltr'>mau-</span> 
     </span>
     <span class='ocr_line' id='line_1_31' title="bbox 179 3113 1428 3197; baseline -0.002 -21"><span class='ocrx_word' id='word_1_286' title='bbox 179 3119 296 3196; x_wconf 33' lang='lat' dir='ltr'>,dutum</span> <span class='ocrx_word' id='word_1_287' title='bbox 316 3115 428 3176; x_wconf 83' lang='lat' dir='ltr'>offerre.</span> <span class='ocrx_word' id='word_1_288' title='bbox 455 3113 585 3175; x_wconf 77' lang='lat' dir='ltr'>Vocatur</span> <span class='ocrx_word' id='word_1_289' title='bbox 604 3113 718 3195; x_wconf 86' lang='lat' dir='ltr'>quidem</span> <span class='ocrx_word' id='word_1_290' title='bbox 738 3131 823 3194; x_wconf 88' lang='lat' dir='ltr'>saepo</span> <span class='ocrx_word' id='word_1_291' title='bbox 842 3113 908 3174; x_wconf 89' lang='lat' dir='ltr'>alibi</span> <span class='ocrx_word' id='word_1_292' title='bbox 927 3113 1089 3197; x_wconf 80' lang='lat' dir='ltr'>Templum,</span> <span class='ocrx_word' id='word_1_293' title='bbox 1107 3114 1165 3176; x_wconf 81' lang='lat' dir='ltr'>Dei</span> <span class='ocrx_word' id='word_1_294' title='bbox 1182 3115 1265 3178; x_wconf 82' lang='lat' dir='ltr'>sedes</span> <span class='ocrx_word' id='word_1_295' title='bbox 1285 3116 1334 3174; x_wconf 76' lang='lat' dir='ltr'>rel</span> <span class='ocrx_word' id='word_1_296' title='bbox 1427 3175 1428 3196; x_wconf 51' lang='lat'>,</span> 
     </span>
     <span class='ocr_line' id='line_1_32' title="bbox 197 3191 1428 3276; baseline 0 -20"><span class='ocrx_word' id='word_1_297' title='bbox 197 3196 387 3268; x_wconf 72' lang='lat' dir='ltr'>domicilium,</span> <span class='ocrx_word' id='word_1_298' title='bbox 411 3194 460 3254; x_wconf 88' lang='lat' dir='ltr'>vel</span> <span class='ocrx_word' id='word_1_299' title='bbox 482 3196 610 3276; x_wconf 78' lang='lat' dir='ltr'>requies,</span> <span class='ocrx_word' id='word_1_300' title='bbox 635 3201 685 3254; x_wconf 80' lang='lat' dir='ltr'>ant</span> <span class='ocrx_word' id='word_1_301' title='bbox 706 3193 811 3254; x_wconf 80' lang='lat' dir='ltr'>domm</span> <span class='ocrx_word' id='word_1_302' title='bbox 829 3191 1020 3256; x_wconf 83' lang='lat' dir='ltr'>habitationis.</span> <span class='ocrx_word' id='word_1_303' title='bbox 1060 3195 1149 3274; x_wconf 83' lang='lat' dir='ltr'>Qded</span> <span class='ocrx_word' id='word_1_304' title='bbox 1168 3201 1264 3257; x_wconf 84' lang='lat' dir='ltr'>autem</span> <span class='ocrx_word' id='word_1_305' title='bbox 1281 3193 1333 3256; x_wconf 86' lang='lat' dir='ltr'>bie</span> <span class='ocrx_word' id='word_1_306' title='bbox 1427 3197 1428 3264; x_wconf 74' lang='grc' dir='ltr'>Ϊ</span> 
     </span>
     <span class='ocr_line' id='line_1_33' title="bbox 193 3273 1428 3356; baseline 0 -20"><span class='ocrx_word' id='word_1_307' title='bbox 193 3283 317 3338; x_wconf 79' lang='lat' dir='ltr'>roratur</span> <span class='ocrx_word' id='word_1_308' title='bbox 340 3275 494 3336; x_wconf 86' lang='lat' dir='ltr'>scabellum</span> <span class='ocrx_word' id='word_1_309' title='bbox 517 3274 623 3356; x_wconf 89' lang='lat' dir='ltr'>pedum</span> <span class='ocrx_word' id='word_1_310' title='bbox 647 3276 722 3352; x_wconf 74' lang='lat' dir='ltr'>eius,</span> <span class='ocrx_word' id='word_1_311' title='bbox 747 3273 856 3354; x_wconf 86' lang='lat' dir='ltr'>optima</span> <span class='ocrx_word' id='word_1_312' title='bbox 876 3281 921 3339; x_wconf 84' lang='lat' dir='ltr'>est</span> <span class='ocrx_word' id='word_1_313' title='bbox 939 3276 1025 3336; x_wconf 86' lang='lat' dir='ltr'>buius</span> <span class='ocrx_word' id='word_1_314' title='bbox 1043 3275 1230 3356; x_wconf 70' lang='lat' dir='ltr'>metaphorae</span> <span class='ocrx_word' id='word_1_315' title='bbox 1243 3277 1331 3349; x_wconf 79' lang='lat' dir='ltr'>ratio,</span> <span class='ocrx_word' id='word_1_316' title='bbox 1427 3299 1428 3302; x_wconf 41' lang='lat'>¹</span> 
     </span>
    </p>
   </div>
   <div class='ocr_carea' id='block_1_6' title="bbox 195 3347 1428 3435">
    <p class='ocr_par' dir='ltr' id='par_1_8' title="bbox 195 3347 1428 3435">
     <span class='ocr_line' id='line_1_34' title="bbox 195 3347 1428 3435; baseline -0.003 -19"><span class='ocrx_word' id='word_1_317' title='bbox 195 3357 290 3416; x_wconf 82' lang='lat' dir='ltr'>voluit</span> <span class='ocrx_word' id='word_1_318' title='bbox 308 3357 383 3416; x_wconf 89' lang='lat' dir='ltr'>euim</span> <span class='ocrx_word' id='word_1_319' title='bbox 404 3354 485 3415; x_wconf 88' lang='lat' dir='ltr'>Deus</span> <span class='ocrx_word' id='word_1_320' title='bbox 504 3356 544 3415; x_wconf 82' lang='lat' dir='ltr'>ita</span> <span class='ocrx_word' id='word_1_321' title='bbox 563 3353 690 3414; x_wconf 84' lang='lat' dir='ltr'>habiture</span> <span class='ocrx_word' id='word_1_322' title='bbox 707 3354 739 3412; x_wconf 89' lang='lat' dir='ltr'>in</span> <span class='ocrx_word' id='word_1_323' title='bbox 758 3354 853 3414; x_wconf 87' lang='lat' dir='ltr'>medio</span> <span class='ocrx_word' id='word_1_324' title='bbox 877 3355 990 3435; x_wconf 87' lang='lat' dir='ltr'>populi,</span> <span class='ocrx_word' id='word_1_325' title='bbox 1018 3362 1053 3416; x_wconf 85' lang='lat' dir='ltr'>ot</span> <span class='ocrx_word' id='word_1_326' title='bbox 1075 3373 1134 3415; x_wconf 89' lang='lat' dir='ltr'>non</span> <span class='ocrx_word' id='word_1_327' title='bbox 1152 3355 1331 3417; x_wconf 76' lang='lat' dir='ltr'>sereretne·</span> <span class='ocrx_word' id='word_1_328' title='bbox 1427 3347 1428 3412; x_wconf 72' lang='lat' dir='ltr'>j</span> 
     </span>
    </p>
   </div>
   <div class='ocr_carea' id='block_1_7' title="bbox 184 3432 1414 4404">
    <p class='ocr_par' dir='ltr' id='par_1_9' title="bbox 184 3432 1414 4404">
     <span class='ocr_line' id='line_1_35' title="bbox 195 3432 1331 3515; baseline -0.005 -17"><span class='ocrx_word' id='word_1_329' title='bbox 195 3437 269 3498; x_wconf 81' lang='lat' dir='ltr'>fixas</span> <span class='ocrx_word' id='word_1_330' title='bbox 289 3442 398 3496; x_wconf 85' lang='lat' dir='ltr'>ruentes</span> <span class='ocrx_word' id='word_1_331' title='bbox 417 3437 448 3495; x_wconf 91' lang='lat' dir='ltr'>in</span> <span class='ocrx_word' id='word_1_332' title='bbox 466 3440 585 3495; x_wconf 86' lang='lat' dir='ltr'>externo</span> <span class='ocrx_word' id='word_1_333' title='bbox 600 3432 730 3513; x_wconf 80' lang='lat' dir='ltr'>Ternplo,</span> <span class='ocrx_word' id='word_1_334' title='bbox 749 3435 864 3494; x_wconf 78' lang='lat' dir='ltr'>etArm</span> <span class='ocrx_word' id='word_1_335' title='bbox 882 3434 1013 3510; x_wconf 81' lang='lat' dir='ltr'>foederis,</span> <span class='ocrx_word' id='word_1_336' title='bbox 1032 3436 1083 3494; x_wconf 87' lang='lat' dir='ltr'>eod</span> <span class='ocrx_word' id='word_1_337' title='bbox 1101 3455 1215 3494; x_wconf 81' lang='lat' dir='ltr'>sursum</span> <span class='ocrx_word' id='word_1_338' title='bbox 1234 3436 1331 3515; x_wconf 72' lang='lat' dir='ltr'>plotius</span> 
     </span>
     <span class='ocr_line' id='line_1_36' title="bbox 196 3513 1332 3596; baseline -0.004 -19"><span class='ocrx_word' id='word_1_339' title='bbox 196 3517 346 3577; x_wconf 86' lang='lat' dir='ltr'>attolleret.</span> <span class='ocrx_word' id='word_1_340' title='bbox 386 3514 463 3596; x_wconf 77' lang='lat' dir='ltr'>Ergo</span> <span class='ocrx_word' id='word_1_341' title='bbox 481 3513 596 3575; x_wconf 87' lang='lat' dir='ltr'>Domus</span> <span class='ocrx_word' id='word_1_342' title='bbox 616 3515 663 3572; x_wconf 88' lang='lat' dir='ltr'>vel</span> <span class='ocrx_word' id='word_1_343' title='bbox 687 3513 867 3573; x_wconf 82' lang='lat' dir='ltr'>habitationis</span> <span class='ocrx_word' id='word_1_344' title='bbox 887 3533 992 3576; x_wconf 89' lang='lat' dir='ltr'>nomen</span> <span class='ocrx_word' id='word_1_345' title='bbox 1017 3516 1054 3574; x_wconf 87' lang='lat' dir='ltr'>ud</span> <span class='ocrx_word' id='word_1_346' title='bbox 1078 3515 1211 3575; x_wconf 64' lang='lat' dir='ltr'>lideohtn</span> <span class='ocrx_word' id='word_1_347' title='bbox 1231 3514 1332 3587; x_wconf 77' lang='lat' dir='ltr'>valuit,</span> 
     </span>
     <span class='ocr_line' id='line_1_37' title="bbox 197 3593 1414 3678; baseline -0.004 -21"><span class='ocrx_word' id='word_1_348' title='bbox 197 3615 258 3678; x_wconf 89' lang='lat' dir='ltr'>qno</span> <span class='ocrx_word' id='word_1_349' title='bbox 278 3595 452 3656; x_wconf 72' lang='lat' dir='ltr'>familiariter</span> <span class='ocrx_word' id='word_1_350' title='bbox 470 3597 511 3676; x_wconf 91' lang='lat' dir='ltr'>pii</span> <span class='ocrx_word' id='word_1_351' title='bbox 529 3593 784 3654; x_wconf 80' lang='lat' dir='ltr'>omnesaeeedere</span> <span class='ocrx_word' id='word_1_352' title='bbox 804 3595 841 3654; x_wconf 85' lang='lat' dir='ltr'>ad</span> <span class='ocrx_word' id='word_1_353' title='bbox 860 3593 957 3654; x_wconf 87' lang='lat' dir='ltr'>Deum</span> <span class='ocrx_word' id='word_1_354' title='bbox 976 3595 1234 3675; x_wconf 73' lang='lat' dir='ltr'>auderent,.pupnu</span> <span class='ocrx_word' id='word_1_355' title='bbox 1246 3593 1330 3654; x_wconf 76' lang='lat' dir='ltr'>¹ride·</span> <span class='ocrx_word' id='word_1_356' title='bbox 1412 3630 1414 3634; x_wconf 30' lang='grc' dir='ltr'><strong><em>ι</em></strong></span> 
     </span>
     <span class='ocr_line' id='line_1_38' title="bbox 196 3671 1332 3755; baseline -0.004 -19"><span class='ocrx_word' id='word_1_357' title='bbox 196 3676 266 3738; x_wconf 82' lang='lat' dir='ltr'>baut</span> <span class='ocrx_word' id='word_1_358' title='bbox 284 3675 363 3736; x_wconf 90' lang='lat' dir='ltr'>ultro</span> <span class='ocrx_word' id='word_1_359' title='bbox 378 3675 435 3734; x_wconf 86' lang='lat' dir='ltr'>sibi</span> <span class='ocrx_word' id='word_1_360' title='bbox 454 3693 613 3734; x_wconf 83' lang='lat' dir='ltr'>oourrrere.</span> <span class='ocrx_word' id='word_1_361' title='bbox 651 3671 710 3732; x_wconf 84' lang='lat' dir='ltr'>Sed</span> <span class='ocrx_word' id='word_1_362' title='bbox 736 3674 803 3752; x_wconf 88' lang='lat' dir='ltr'>quia</span> <span class='ocrx_word' id='word_1_363' title='bbox 827 3675 969 3755; x_wconf 86' lang='lat' dir='ltr'>proelires</span> <span class='ocrx_word' id='word_1_364' title='bbox 985 3683 1058 3736; x_wconf 86' lang='lat' dir='ltr'>sunt</span> <span class='ocrx_word' id='word_1_365' title='bbox 1074 3675 1223 3736; x_wconf 71' lang='lat' dir='ltr'>turum</span> <span class='ocrx_word' id='word_1_366' title='bbox 1238 3675 1332 3734; x_wconf 68' lang='lat' dir='ltr'>sobai</span> 
     </span>
     <span class='ocr_line' id='line_1_39' title="bbox 196 3741 1330 3836; baseline -0.002 -20"><span class='ocrx_word' id='word_1_367' title='bbox 196 3756 233 3816; x_wconf 91' lang='lat' dir='ltr'>ad</span> <span class='ocrx_word' id='word_1_368' title='bbox 252 3741 495 3836; x_wconf 76' lang='lat' dir='ltr'>superstitiodem,</span> <span class='ocrx_word' id='word_1_369' title='bbox 520 3755 620 3813; x_wconf 77' lang='lat' dir='ltr'>vitium</span> <span class='ocrx_word' id='word_1_370' title='bbox 639 3751 698 3812; x_wconf 82' lang='lat' dir='ltr'>hoe</span> <span class='ocrx_word' id='word_1_371' title='bbox 714 3753 818 3833; x_wconf 71' lang='lat' dir='ltr'>surrigi</span> <span class='ocrx_word' id='word_1_372' title='bbox 837 3755 1105 3835; x_wconf 78' lang='lat' dir='ltr'>oportuit,.nequid</span> <span class='ocrx_word' id='word_1_373' title='bbox 1125 3757 1161 3816; x_wconf 92' lang='lat' dir='ltr'>de</span> <span class='ocrx_word' id='word_1_374' title='bbox 1177 3757 1243 3835; x_wconf 87' lang='lat' dir='ltr'>ipso</span> <span class='ocrx_word' id='word_1_375' title='bbox 1261 3753 1330 3814; x_wconf 86' lang='lat' dir='ltr'>Deo</span> 
     </span>
     <span class='ocr_line' id='line_1_40' title="bbox 197 3833 1329 3914; baseline -0.004 -18"><span class='ocrx_word' id='word_1_376' title='bbox 197 3837 308 3896; x_wconf 82' lang='lat' dir='ltr'>carnale</span> <span class='ocrx_word' id='word_1_377' title='bbox 327 3833 373 3894; x_wconf 87' lang='lat' dir='ltr'>vel</span> <span class='ocrx_word' id='word_1_378' title='bbox 393 3843 538 3894; x_wconf 87' lang='lat' dir='ltr'>terrenum</span> <span class='ocrx_word' id='word_1_379' title='bbox 556 3833 753 3913; x_wconf 78' lang='lat' dir='ltr'>conciperent,</span> <span class='ocrx_word' id='word_1_380' title='bbox 776 3852 871 3914; x_wconf 90' lang='lat' dir='ltr'>neque</span> <span class='ocrx_word' id='word_1_381' title='bbox 895 3833 1079 3896; x_wconf 82' lang='lat' dir='ltr'>subsisterent</span> <span class='ocrx_word' id='word_1_382' title='bbox 1094 3834 1272 3896; x_wconf 74' lang='lat' dir='ltr'>iuzresternis</span> <span class='ocrx_word' id='word_1_383' title='bbox 1291 3835 1329 3892; x_wconf 84' lang='lat' dir='ltr'>si-</span> 
     </span>
     <span class='ocr_line' id='line_1_41' title="bbox 195 3910 1331 4074; baseline -0.001 -19"><span class='ocrx_word' id='word_1_384' title='bbox 195 3917 282 4055; x_wconf 69' lang='lat' dir='ltr'>tlte</span> <span class='ocrx_word' id='word_1_385' title='bbox 307 3910 843 4074; x_wconf 58' lang='lat' dir='ltr'>puillsss‘libiml&#39;bhlffil</span> <span class='ocrx_word' id='word_1_386' title='bbox 857 3913 1331 4074; x_wconf 43' lang='lat' dir='ltr'>immitit?</span> 
     </span>
     <span class='ocr_line' id='line_1_42' title="bbox 184 4071 1329 4156; baseline -0.001 -22"><span class='ocrx_word' id='word_1_387' title='bbox 184 4075 294 4156; x_wconf 68' lang='lat' dir='ltr'>replet.</span> <span class='ocrx_word' id='word_1_388' title='bbox 333 4073 398 4134; x_wconf 88' lang='lat' dir='ltr'>Hoo</span> <span class='ocrx_word' id='word_1_389' title='bbox 417 4081 511 4132; x_wconf 89' lang='lat' dir='ltr'>tamen</span> <span class='ocrx_word' id='word_1_390' title='bbox 530 4073 617 4133; x_wconf 89' lang='lat' dir='ltr'>modo</span> <span class='ocrx_word' id='word_1_391' title='bbox 638 4071 788 4144; x_wconf 85' lang='lat' dir='ltr'>admonet,</span> <span class='ocrx_word' id='word_1_392' title='bbox 812 4093 870 4133; x_wconf 90' lang='lat' dir='ltr'>non</span> <span class='ocrx_word' id='word_1_393' title='bbox 895 4075 962 4135; x_wconf 84' lang='lat' dir='ltr'>alibi</span> <span class='ocrx_word' id='word_1_394' title='bbox 982 4093 1071 4154; x_wconf 83' lang='lat' dir='ltr'>quem</span> <span class='ocrx_word' id='word_1_395' title='bbox 1090 4077 1120 4135; x_wconf 90' lang='lat' dir='ltr'>iu</span> <span class='ocrx_word' id='word_1_396' title='bbox 1139 4072 1329 4135; x_wconf 72' lang='lat' dir='ltr'>montofflon</span> 
     </span>
     <span class='ocr_line' id='line_1_43' title="bbox 185 4151 1330 4236; baseline -0.001 -22"><span class='ocrx_word' id='word_1_397' title='bbox 185 4155 354 4233; x_wconf 71' lang='lat' dir='ltr'>legitimum</span> <span class='ocrx_word' id='word_1_398' title='bbox 367 4151 438 4214; x_wconf 68' lang='lat' dir='ltr'>rDeo</span> <span class='ocrx_word' id='word_1_399' title='bbox 458 4153 566 4214; x_wconf 84' lang='lat' dir='ltr'>uoltum</span> <span class='ocrx_word' id='word_1_400' title='bbox 585 4151 731 4233; x_wconf 85' lang='lat' dir='ltr'>praestari.</span> <span class='ocrx_word' id='word_1_401' title='bbox 766 4151 841 4214; x_wconf 85' lang='lat' dir='ltr'>Nam</span> <span class='ocrx_word' id='word_1_402' title='bbox 860 4155 968 4233; x_wconf 83' lang='lat' dir='ltr'>stylum</span> <span class='ocrx_word' id='word_1_403' title='bbox 987 4158 1028 4216; x_wconf 86' lang='lat' dir='ltr'>ita</span> <span class='ocrx_word' id='word_1_404' title='bbox 1042 4159 1194 4236; x_wconf 66' lang='lat' dir='ltr'>tnnperut</span> <span class='ocrx_word' id='word_1_405' title='bbox 1214 4155 1330 4234; x_wconf 77' lang='lat' dir='ltr'>ulpius</span> 
     </span>
     <span class='ocr_line' id='line_1_44' title="bbox 194 4227 1331 4314; baseline 0 -20"><span class='ocrx_word' id='word_1_406' title='bbox 194 4241 306 4294; x_wconf 81' lang='lat' dir='ltr'>ruentes</span> <span class='ocrx_word' id='word_1_407' title='bbox 315 4253 348 4294; x_wconf 87' lang='lat' dir='ltr'>sn</span> <span class='ocrx_word' id='word_1_408' title='bbox 369 4251 401 4294; x_wconf 87' lang='lat' dir='ltr'>ra</span> <span class='ocrx_word' id='word_1_409' title='bbox 414 4233 555 4294; x_wconf 86' lang='lat' dir='ltr'>mnndum</span> <span class='ocrx_word' id='word_1_410' title='bbox 566 4227 711 4306; x_wconf 71' lang='lat' dir='ltr'>attollam,</span> <span class='ocrx_word' id='word_1_411' title='bbox 730 4233 801 4294; x_wconf 87' lang='lat' dir='ltr'>nibil</span> <span class='ocrx_word' id='word_1_412' title='bbox 815 4240 911 4294; x_wconf 70' lang='lat' dir='ltr'>mmor</span> <span class='ocrx_word' id='word_1_413' title='bbox 925 4235 994 4296; x_wconf 89' lang='lat' dir='ltr'>dero</span> <span class='ocrx_word' id='word_1_414' title='bbox 1012 4237 1199 4296; x_wconf 79' lang='lat' dir='ltr'>eternetiteti</span> <span class='ocrx_word' id='word_1_415' title='bbox 1207 4234 1331 4314; x_wconf 60' lang='lat' dir='ltr'>Turpi,</span> 
     </span>
     <span class='ocr_line' id='line_1_45' title="bbox 195 4253 1329 4404; baseline -0.001 -32"><span class='ocrx_word' id='word_1_416' title='bbox 195 4321 336 4392; x_wconf 66' lang='lat' dir='ltr'>qnaoeuus</span> <span class='ocrx_word' id='word_1_417' title='bbox 349 4253 549 4381; x_wconf 72' lang='lat' dir='ltr'>heumillum</span> <span class='ocrx_word' id='word_1_418' title='bbox 569 4315 598 4372; x_wconf 92' lang='lat' dir='ltr'>in</span> <span class='ocrx_word' id='word_1_419' title='bbox 619 4319 694 4372; x_wconf 83' lang='lat' dir='ltr'>terra</span> <span class='ocrx_word' id='word_1_420' title='bbox 713 4314 970 4404; x_wconf 67' lang='lat' dir='ltr'>unioumaelegeeat</span> <span class='ocrx_word' id='word_1_421' title='bbox 1077 4303 1329 4377; x_wconf 66' lang='lat' dir='ltr'>obturarentur.</span> 
     </span>
    </p>
   </div>
   <div class='ocr_carea' id='block_1_8' title="bbox 195 4373 1366 4476">
    <p class='ocr_par' dir='ltr' id='par_1_10' title="bbox 195 4373 1366 4476">
     <span class='ocr_line' id='line_1_46' title="bbox 195 4373 1366 4476; baseline 0.005 -22"><span class='ocrx_word' id='word_1_422' title='bbox 195 4391 272 4454; x_wconf 84' lang='lat' dir='ltr'>lline</span> <span class='ocrx_word' id='word_1_423' title='bbox 289 4391 417 4454; x_wconf 78' lang='lat' dir='ltr'>vtumm</span> <span class='ocrx_word' id='word_1_424' title='bbox 441 4406 529 4474; x_wconf 72' lang='lat' dir='ltr'>quun</span> <span class='ocrx_word' id='word_1_425' title='bbox 548 4391 660 4452; x_wconf 75' lang='lat' dir='ltr'>trustra</span> <span class='ocrx_word' id='word_1_426' title='bbox 684 4399 752 4474; x_wconf 83' lang='lat' dir='ltr'>pust</span> <span class='ocrx_word' id='word_1_427' title='bbox 769 4393 976 4476; x_wconf 74' lang='lat' dir='ltr'>Angustirum,</span> <span class='ocrx_word' id='word_1_428' title='bbox 1005 4397 1089 4457; x_wconf 89' lang='lat' dir='ltr'>multi</span> <span class='ocrx_word' id='word_1_429' title='bbox 1114 4415 1145 4458; x_wconf 86' lang='lat' dir='ltr'>se</span> <span class='ocrx_word' id='word_1_430' title='bbox 1164 4399 1330 4476; x_wconf 59' lang='lat' dir='ltr'>torqueunt,</span> <span class='ocrx_word' id='word_1_431' title='bbox 1350 4373 1366 4404; x_wconf 67' lang='lat'><strong><em>‘</em></strong></span> 
     </span>
    </p>
   </div>
   <div class='ocr_carea' id='block_1_9' title="bbox 0 0 1450 4886">
    <p class='ocr_par' dir='ltr' id='par_1_11' title="bbox 0 0 1450 4886">
     <span class='ocr_line' id='line_1_47' title="bbox 0 0 1450 4886; baseline 0 3"><span class='ocrx_word' id='word_1_432' title='bbox 0 0 1450 4886; x_wconf 95' lang='lat' dir='ltr'> </span> 
     </span>
    </p>
   </div>
  </div>
 </body>
</html>
