2890 4886
1147 165 1153 200 Ι

557 297 846 340 erraneum
897 267 900 274 ⁴
950 267 953 278 ’
1211 305 1273 360 ¹9⁵·

118 417 302 498 colligimus,
331 435 391 478 uon
411 419 506 500 ripere
525 427 637 482 rectum
663 421 800 500 ordinem,
830 423 883 484 nisi
904 419 1049 504 Principes
1069 427 1263 504 reprimendae

117 497 276 578 superbiae
300 497 400 560 sedulo
424 499 586 580 invigilent,
616 519 690 580 quae
719 521 818 564 secum
846 504 1005 568 uecccsario
1030 509 1060 564 et
1079 505 1215 568 ferociam
1232 513 1263 570 et

117 577 321 638 crudelitatem
347 577 444 654 trabit,
476 581 550 658 parit
574 580 770 656 contumelias,
795 584 917 664 rapinas,
943 590 972 644 et
995 581 1119 662 quadris
1143 585 1262 650 iniuriae

115 675 222 738 genus.
263 655 306 718 lta
330 655 381 716 liet
404 664 437 717 ut
455 658 597 740 simplices
622 666 652 719 et
677 661 765 742 quieti
785 661 922 736 homines,
942 665 1136 742 potentiorum
1154 665 1261 728 libidini
1378 652 1384 674 ¹

115 737 247 817 expliciti
268 738 335 810 siut,
354 737 408 798 uisi
424 741 562 818 opposita
571 737 737 822 Principum
750 745 913 811 auctoritas,
932 761 1032 804 eorum
1053 743 1199 806 audaciam
1217 763 1260 806 ar·

115 824 194 876 cent.
237 813 297 876 lam
316 812 413 897 'quum
438 819 508 878 rclit
528 817 609 879 Deus
633 819 687 899 piis
713 817 838 900 Regibus
863 821 1057 893 detestabilem
1082 841 1145 884 esse
1164 844 1260 905 auper-

115 897 212 970 biam,
234 901 347 956 nemum
371 903 415 958 eat
439 897 466 957 ei
486 898 603 977 perinde
621 915 739 960 exosam
758 919 834 962 esses
857 899 979 981 ideoque
1002 901 1104 962 aliliia
1123 903 1182 965 anis
1200 904 1260 1044 plit-

113 975 216 1034 ridant
236 975 481 1037 mnsuuudinem
500 978 627 1058 requirit,
648 979 869 1060 quiaproleasns
885 985 933 1046 cst
946 999 1046 1042 eurum
1060 983 1189 1044 omnium
1229 1003 1260 1046 u·

112 1057 172 1116 stis
192 1055 246 1136 qui
264 1073 411 1136 emergere
427 1057 512 1118 altius
531 1064 670 1118 cumulus
687 1077 776 1139 paam
795 1059 868 1122 ierat
886 1061 1017 1140 ipsorum
1037 1061 1170 1122 conditio.

209 1255 243 1324 6.
256 1233 357 1323 'licerii
378 1255 440 1324 mei
463 1255 509 1324 ad'
524 1279 652 1326 veraces
672 1243 788 1344 tbrrae,
816 1269 852 1326 ut
873 1259 1014 1326 habitent
1036 1283 1176 1335 naccum:
1197 1287 1250 1332 am

112 1361 235 1428 bulans
255 1362 289 1428 iu
312 1363 362 1429 via
383 1363 513 1454 integra,
534 1362 587 1432 hic
608 1363 794 1434 ministrabit
821 1365 908 1434 mihi.
954 1366 984 1441 7.
1007 1363 1083 1436 Non
1109 1367 1259 1438 habitabit

111 1469 148 1534 in
171 1468 282 1536 medio
305 1467 420 1535 domus
441 1491 532 1537 mere
554 1467 669 1539 ludens
690 1469 850 1542 fraudem:
878 1472 1015 1564 loquens
1035 1471 1170 1543 fallacias
1191 1499 1258 1544 uon

113 1585 275 1642 statuetur
296 1597 401 1643 coram
431 1573 531 1643 oculis
557 1575 646 1644 meis.
692 1577 723 1643 8.
745 1575 781 1644 ln
804 1577 965 1645 matutinis
991 1579 1121 1672 perdam
1145 1603 1256 1650 omnes

112 1681 237 1771 impius
259 1685 369 1764 terrae,
391 1681 431 1748 ad
452 1681 727 1750 exterminandum
751 1707 792 1752 ex
815 1683 892 1752 urbe
903 1681 1162 1758 lehovaeumncs
1179 1708 1256 1784 xcpe·

112 1787 218 1855 rarios
240 1787 418 1879 iniquilatis.
816 1796 822 1806 ’

198 1933 227 1994 6.
250 1933 338 1995 ccco
355 1940 420 1992 area
460 1928 546 1992 anit
565 1932 649 1992 aliam
669 1935 804 1994 vinalem
824 1933 932 1996 cordati
952 1933 1101 2016 Principia,
1120 1933 1173 1996 sibi
1193 1935 1255 2000 lere

113 2029 206 2070 curae
225 2009 330 2085 means,
352 2017 384 2070 ut
403 2011 554 2072 familiares
564 2011 616 2070 sibi
626 2012 727 2072 reddat
746 2031 861 2074 ceramo
872 2021 971 2088 terrae,
990 2033 1148 2095 eorumque
1159 2020 1256 2084 otmar

113 2108 217 2228 lupera,
236 2097 275 2229 egi
278 2099 330 2230 agl
336 2094 461 2229 integrlus
481 2089 776 2230 hamndddffio
781 2089 905 2168 Quidam
926 2093 1256 2252 bmmeigtdrabfmdiuffi

138 2189 194 2230 nnc
233 2187 285 2229 ar
333 2189 563 2230 amcmecnm
777 2189 896 2230 cscnsu
955 2191 1021 2232 oua
1068 2193 1076 2230 ι
1183 2193 1220 2232 cu

117 2257 151 2308 ct
175 2191 320 2310 iudbxioa:
350 2267 443 2328 neque
468 2249 560 2329 patiar
584 2250 687 2308 iniuste
709 2211 823 2318 berani,
852 2211 907 2310 aed
927 2250 1034 2316 ladam.
1048 2193 1254 2330 nistranquillo

116 2335 198 2388 statu
216 2349 328 2390 mecum
347 2327 487 2388 buantm.
526 2325 585 2390 Sed
631 2328 707 2388 utica
726 2327 864 2408 significat
888 2327 941 2388 sibi
965 2327 1254 2404 delectactionem

116 2408 283 2490 promiscue
307 2414 431 2468 usumn
457 2406 509 2466 bus
533 2407 583 2468 rel
600 2347 674 2476 idua,
698 2407 930 2488 serperemus,
956 2408 1048 2488 qualis
1067 2411 1104 2468 sit
1123 2411 1254 2490 quisque,

116 2489 272 2568 discernat
290 2494 323 2548 ut
341 2487 585 2549 coniunctissimos
610 2486 662 2552 sibi
682 2485 785 2547 babeat
804 2488 854 2566 qui
878 2487 987 2568 integre
1007 2488 1123 2561 vivunt,
1147 2507 1254 2568 anaqiss

115 2565 242 2650 publicis
265 2566 428 2630 munenibus
455 2565 608 2649 praeliciat.
648 2565 693 2626 Ac
717 2589 834 2628 uerum
859 2568 952 2648 primu
977 2567 1042 2628 loce
1067 2569 1162 2646 ponit:
1186 2569 1254 2647 quia

115 2647 231 2708 edumei
250 2649 315 2731 qnia
336 2646 488 2710 virtutibus
506 2647 637 2719 excellat,
656 2647 711 2708 uisi
731 2654 826 2706 tamen
845 2645 913 2706 fidei
932 2652 962 2708 et
979 2647 1132 2726 integritati
1150 2647 1188 2710 ait
1207 2647 1253 2708 de·

116 2728 207 2801 ditus,
237 2747 384 2810 uunquam
408 2733 486 2788 recle
504 2728 534 2786 in
553 2727 664 2786 indiciis
687 2724 853 2788 versabitur.
894 2723 959 2786 llcc
978 2732 1073 2786 autem
1092 2732 1195 2788 nomin
1213 2725 1254 2798 diff

113 2826 207 2888 guum
232 2814 285 2872 est.
314 2809 381 2888 quia
405 2807 472 2867 licet
491 2809 617 2887 optimus
641 2807 677 2868 sit
696 2805 843 2886 Princeps,
872 2806 926 2866 nisi
949 2813 1044 2868 tamen
1063 2805 1254 2886 respondeant

113 2887 330 2960 ministripeins
349 2888 509 2946 innocentia
528 2889 578 2946 rix
598 2886 635 2946 ad
654 2884 782 2946 subditus
807 2886 960 2964 perveniet.
999 2883 1072 2946 Nam
1094 2905 1183 2965 quarn
1202 2885 1253 2946 mi·

114 2967 200 3026 niatri
221 2968 277 3026 siut
288 2964 453 3044 Principum
472 2983 584 3034 manua,
625 2963 740 3046 uirquid
760 2963 808 3024 ille
828 2966 966 3038 statuerit,
985 2965 1121 3026 scelerate
1141 2983 1252 3045 perrer-

113 3051 178 3106 teut
206 3048 230 3104 si
254 3047 333 3106 avari
346 3049 422 3118 siut,
446 3047 492 3108 rel
512 2985 694 3116 bauddbuti,
718 3044 766 3104 vel
785 3061 815 3103 ra
855 3063 912 3118 cea,
935 3045 1014 3124 bned
1034 3045 1098 3124 plus
1117 3045 1185 3106 satia
1204 3063 1253 3105 cx·

116 3126 256 3204 muntia
275 3131 377 3186 nolum
397 3131 449 3184 dat.
479 3123 571 3185 Maior
590 3125 713 3204 quidem·
726 3141 791 3202 pars
833 3143 927 3202 egum,
947 3125 1103 3204 praeteritis
1123 3123 1255 3186 benicet

113 3206 175 3264 inte
210 3198 245 3280 's‚'
261 3206 319 3266 imo
339 3204 441 3285 procul
460 3204 557 3266 valere
576 3205 669 3277 iussis,
688 3203 755 3262 data
774 3221 861 3284 opera
880 3197 1026 3264 ministros
1050 3205 1254 3284 appetentem

116 3286 181 3344 rimi
194 3303 234 3358 es,
253 3284 338 3344 etad
358 3283 539 3362 tyrannidem
558 3302 640 3344 suam
661 3283 821 3364 appositos:
841 3281 891 3344 sed
911 3285 940 3342 iu
955 3281 1036 3343 bunis
1051 3290 1081 3344 et
1100 3282 1253 3342 moderatis

115 3363 190 3423 hace
209 3383 326 3444 quoque
345 3363 480 3424 mollities
499 3369 627 3444 apparet,
648 3368 679 3423 ut
697 3362 826 3442 pessimis
845 3361 970 3422 conubiis
989 3368 1133 3443 regantur,
1152 3368 1182 3423 et
1200 3381 1252 3443 pn·

115 3441 190 3504 blica
209 3462 329 3504 munera
347 3443 554 3504 inconddcralu
574 3442 755 3521 prostituant.
969 3449 973 3472 ¹

92 3585 97 3592 ,
196 3523 225 3584 7.
247 3523 319 3584 Νοιι
343 3524 494 3584 dubitabit.
533 3519 634 3582 Potest
663 3519 710 3580 bic
734 3537 834 3580 amans
858 3527 918 3580 lam
943 3519 979 3580 de
1003 3520 1102 3580 aulicis
1121 3519 1253 3580 omuibus

69 3669 75 3678 ¹
137 3602 167 3660 ui
186 3603 298 3682 publica
317 3603 420 3667 indicia
446 3609 588 3674 exercent,
612 3601 729 3682 erponi,
754 3619 841 3680 qnam
868 3601 903 3660 de
927 3600 1061 3660 ministris
1081 3599 1252 3660 domesticis.

113 3622 174 3820 {de
194 3693 291 3762 'qaum
316 3701 407 3762 nuper
430 3683 461 3742 in
485 3679 810 3820 generedehti'mnibr‘rss
825 3677 967 3820 &effla
986 3679 1253 3820 hdwddaddbrbb

165 3779 199 3820 ur
223 3780 301 3822 nuuc
324 3779 484 3822 sermenem
530 3781 562 3822 ro
583 3781 624 3820 ne
664 3779 749 3820 aere
1044 3807 1050 3820 .
1333 3799 1336 3808 ·

112 3859 215 3900 omues
238 3842 430 3922 corruptelaer
461 3841 486 3901 si
509 3781 635 3922 bridam
654 3839 766 3920 liugom
791 3840 887 3914 amici,
912 3845 941 3900 et
965 3779 1023 3900 dd
1032 3840 1181 3901 familiares
1202 3839 1252 3917 qui

112 3938 215 3980 curram
240 3937 321 3990 aures
347 3926 502 4001 occupant,
531 3919 645 3981 fallaces
670 3921 726 3980 sint
751 3938 785 3978 ac
812 3919 912 3994 dolosi,
942 3938 995 3979 suo
1015 3918 1148 4000 exemplo
1169 3919 1251 3998 qnasi

111 4001 227 4080 siguum
245 3999 373 4061 licentiae
391 4001 529 4062 attollent.
570 3997 610 4060 Et
631 3999 693 4096 lieri
713 4019 772 4060 non
796 4005 890 4094 polest
910 3999 1011 4094 ntiqui
1031 3999 1149 4091 domum
1169 4016 1251 4092 auam

111 4085 304 4160 temperanter
323 4099 381 4140 uon
402 4081 536 4154 conduct,
555 4081 683 4142 tenendis
703 4077 804 4160 populi
824 4078 1023 4158 gubernaculis
1043 4077 1175 4139 collimat.
1201 4075 1250 4136 Vr·

108 4158 195 4298 {meir
214 4159 291 4302 euirp
310 4161 341 4298 bu
360 4158 475 4240 publico
494 4160 647 4222 auctoritas
667 4178 742 4240 quae
760 4157 885 4220 nedomi
899 4157 1013 4238 quidem
1034 4157 1153 4239 padum
1165 4175 1250 4218 suum
1346 4231 1353 4238 ,

15 4285 18 4294 ,
123 4257 208 4300 encre
228 4258 266 4318 pc
279 4251 330 4300 cb.

191 4321 221 4382 8.
242 4321 283 4379 In
301 4327 462 4380 mmmmm.
502 4293 629 4378 Tandem
654 4317 800 4379 concludit
823 4317 1002 4412 praecipuam
1028 4334 1126 4412 caram
1147 4285 1249 4411 aead-

110 4395 267 4516 bibiturum
288 4405 320 4460 ut
339 4406 445 4465 miram
462 4404 565 4481 purget
588 4397 726 4481 improbis
745 4404 776 4460 et
794 4397 939 4540 scalciaco
957 4394 1129 4460 humrmbna.
1169 4393 1249 4458 Dicat
1310 4469 1314 4476 ί
