2874 4888
166 249 217 306 ιω
587 244 879 329 nosnrrncs⁸
932 217 960 258 '¹

164 377 320 434 exonerant
331 363 466 433 iqunm
484 385 550 432 snus
570 385 668 430 ιιι-ιιι
687 372 787 448 estque
805 365 873 428 boni
892 365 990 428 oderis
1007 363 1180 428 ordimur
1199 367 1301 426 comm

164 451 230 514 Deo
250 450 321 512 baec
340 449 546 530 importunitas.
577 443 676 524 Quum
696 445 772 521 dieii,
794 447 943 508 &nodia
962 467 1008 506 sss
1026 447 1110 506 Deru
1169 467 1220 504 ιιιιι
1237 445 1299 504 clu·

165 553 281 605 muperu
300 539 334 592 ιἰι
352 532 399 590 die
417 529 626 601 tribulationis,
644 525 674 586 in
693 545 778 586 snum
794 523 966 604 molarem
978 543 1064 586 asum
1080 541 1138 606 spp
1151 525 1205 618 icat
1219 521 1300 602 quod

58 679 67 688 ,
164 629 256 690 nuper
280 608 368 685 dixit,
392 605 489 668 Deum
512 604 644 680 omnibns
667 604 761 686 ipsum
786 602 984 666 invocantibus
1007 623 1071 664 esse
1094 603 1251 684 propitium
1269 607 1302 664 st

164 690 288 791 taciem.

255 873 286 938 8.
308 866 383 936 Non
405 877 454 934 est
475 867 555 936 sieut
576 876 613 935 tu
634 866 717 934 inter
738 863 817 934 deos
840 863 989 947 Domine,
1011 874 1044 932 et
1064 863 1172 934 nullus
1193 885 1304 933 seeun-

166 977 245 1067 dum
273 997 368 1066 opera
395 981 460 1040 tus.
504 971 535 1040 9.
572 971 694 1042 Omnes
716 981 825 1064 gentes
848 993 927 1063 ques
954 969 1070 1056 iecisti,
1102 969 1240 1056 venient,
1269 979 1313 1039 et¹

101 1073 104 1080 ¹
149 1081 342 1154 adorabunt
362 1099 469 1148 coram
491 1076 569 1148 issia
590 1086 644 1148 ius
659 1075 809 1160 Domine,
829 1087 863 1146 et
884 1075 1017 1168 gloriam
1039 1075 1160 1144 dubunt
1179 1075 1306 1144 nomini

167 1197 243 1262 time
275 1186 327 1252 10.
349 1181 431 1268 Quis
453 1205 586 1274 mugnus
599 1194 652 1267 tn,
674 1194 707 1252 et
727 1181 845 1252 iaciens
863 1180 1017 1250 mimlu‘lia
1039 1191 1076 1248 tu
1090 1180 1181 1250 Dens
1203 1181 1305 1250 solus.

172 1293 223 1360 11.
245 1289 385 1358 Ostende
407 1287 485 1356 mihi
507 1287 624 1356 lehova
645 1287 713 1356 rias
734 1299 820 1372 tues,
842 1287 1011 1358 ambulabo
1032 1285 1217 1358 inveritate
1238 1297 1307 1372 tua,

169 1397 260 1466 mins
281 1419 337 1486 cor
358 1417 468 1464 meum
489 1385 727 1464 ad'timendnm
749 1417 870 1464 nomen
890 1391 992 1464 tuum.

250 1542 278 1604 8.
299 1539 372 1600 Νοιι
386 1548 429 1600 est
443 1545 520 1600 stes
539 1547 580 1600 tu.
600 1519 730 1600 Vel'iam
742 1540 802 1600 voti
821 1557 939 1620 compos
959 1538 1083 1620 erumpit
1101 1539 1131 1599 in
1151 1539 1308 1620 gratiarnm

87 1673 93 1684 .
170 1619 328 1692 actionem,
347 1619 395 1678 vel
414 1619 541 1678 animum
559 1625 589 1678 st
608 1637 697 1677 novas
718 1621 792 1679 vires
812 1618 849 1678 ad
875 1617 1050 1700 precandum
1073 1617 1194 1700 colligite
1246 1619 1307 1678 nod

324 1697 425 1845 err
577 1689 1069 1858 ..r
1086 1638 1306 1840 rete
1328 1767 1330 1779 ι

172 1781 441 1918 Ιἐΐιίῃιοιιιῖιιιῃιἰιιιιιιιο
491 1875 541 1916 ec:
561 1876 618 1916 uon
638 1857 752 1916 ridetur
771 1799 845 1916 huri
856 1857 922 1916 loco
941 1796 1187 1938 anabudum,
1210 1849 1309 1998 ιιιῈιό

173 1938 250 1998 euim
269 1933 406 2016 Angelos,
426 1935 507 2016 qussi
526 1936 650 1996 minores
669 1935 750 2007 deos,
769 1937 845 2016 cogit
863 1937 893 1999 in
914 1935 1052 2010 ordinem,
1077 1942 1109 1996 ut
1128 1937 1231 1998 cedant
1280 1937 1308 1996 ei

172 2017 286 2078 virtuti:
315 2010 364 2074 sed
385 2033 485 2075 omnes
504 2013 619 2075 fictitios
640 2014 717 2090 deos,
736 2015 765 2076 iu
786 2014 890 2098 quibus
908 2013 1046 2076 increduli
1065 2015 1181 2078 subesse
1200 2015 1309 2096 aliquid

173 2096 273 2157 auxilii
293 2090 442 2176 putabant,
466 2093 650 2190 contemptim
672 2093 789 2169 deridet,
809 2097 878 2191 puin
896 2093 1030 2176 operibus
1049 2096 1165 2156 minime
1184 2095 1310 2192 pmbcnt

173 2195 206 2238 ss
225 2175 295 2236 deos
314 2191 385 2233 csse.
405 2171 481 2234 Nam
499 2179 668 2235 srmrtntem
688 2174 823 2256 operandi
843 2173 999 2234 secundnm
1019 2173 1083 2255 plus
1103 2183 1134 2236 et
1153 2194 1247 2236 miuus
1266 2175 1309 2236 dr·

151 2250 162 2270 “’
173 2255 332 2326 stribueret,
351 2269 410 2312 non
431 2259 569 2312 assereret
587 2249 654 2313 Deo
673 2253 703 2312 in
722 2252 846 2314 solidum
865 2251 945 2350 qnod
964 2273 1049 2316 suum
1067 2260 1121 2315 est.
1145 2251 1310 2338 Ncgstigi·

70 2323 79 2354 ⁸
173 2343 223 2395 tur
242 2354 273 2394 re
292 2333 353 2413 ipsa
372 2338 403 2394 ct
421 2331 525 2393 effectu
549 2332 703 2414 quiequam
727 2333 855 2396 divinum
879 2353 909 2394 sn
933 2335 1002 2414 ipsis
1027 2331 1209 2415 deprehendi.
1247 2331 1311 2396 lem

175 2413 212 2475 ad
238 2429 325 2494 opere
350 2431 404 2472 uos
427 2430 580 2487 reverens,
604 2413 673 2472 satis
697 2411 820 2473 ostendit
844 2411 954 2474 frivolis
977 2419 1089 2476 tantum
1107 2413 1191 2495 nugis
1209 2412 1313 2476 luders
1420 2441 1421 2484 ς

176 2492 226 2581 qni
242 2477 386 2552 subtiliter
405 2487 642 2573 philosophentur
662 2491 697 2552 de
716 2511 818 2552 urceus
828 2489 885 2552 Dei
903 2491 1039 2553 mentiar
1056 2493 1219 2556 manifestas
1239 2511 1312 2556 vcra

176 2578 259 2634 notas
279 2577 469 2653 praetereunt,
488 2571 518 2630 in
537 2568 642 2652 quibus
661 2571 783 2652 refulget
801 2571 863 2642 eius
886 2569 1026 2632 maiestas.
1066 2569 1143 2654 Ergo
1160 2567 1255 2712 prium
1273 2571 1313 2635 sd

154 2697 158 2710 .
177 2651 234 2712 Dei
249 2648 425 2710 altitudinem
440 2669 499 2710 non
511 2651 679 2732 perveniant
690 2670 789 2712 sensus
799 2651 898 2726 nonni,
918 2649 1073 2733 prudenter
1082 2649 1159 2714 Dari
1190 2671 1312 2734 opernm

42 2727 47 2742 ⁸
179 2730 341 2792 testimonio
361 2735 525 2804 contentus,
554 2730 761 2798 commentitios
787 2750 848 2791 esse
868 2749 968 2792 omnes
987 2722 1056 2793 deus
1075 2733 1242 2812 pronuntiet
1260 2733 1313 2812 qni

177 2814 312 2870 virtutem
332 2806 439 2869 nullam
460 2804 604 2869 exserunt.
644 2805 677 2868 Si
702 2810 767 2890 quis
788 2809 910 2890 obiiciat,
931 2807 1028 2871 Deum
1047 2810 1169 2874 absurde
1188 2810 1313 2874 conierri

177 2887 243 2952 cuin
270 2887 399 2948 inanibus
424 2887 579 2968 tigmentisr
607 2885 698 2950 iacilis
714 2887 826 2949 'solutio
846 2895 903 2965 est,
922 2891 1131 2952 accommodari
1149 2911 1312 2954 sermonem

58 2973 62 2980 '
170 2970 213 3031 'ad
233 2967 312 3048 vulgi
336 2967 489 3027 inscitiam:
521 2967 587 3048 qnia
613 2967 718 3028 seimus
742 2988 829 3049 qnsm
853 2968 987 3030 audacter
1006 2991 1092 3052 supra
1111 2969 1208 3032 coelos
1227 2970 1313 3032 situl·

45 3063 52 3068 “
177 3050 238 3110 lent
257 3047 446 3126 superstitiosi
466 3042 536 3107 islsa
556 3046 665 3110 cerebri
683 3048 728 3107 sni
748 3057 918 3110 commenta.
957 3049 1002 3110 Ac
1026 3051 1134 3132 optime
1152 3048 1249 3112 David
1268 3049 1313 3116 in·

178 3127 396 3224 unitataeorum
424 3127 577 3204 amentiae,
607 3127 686 3210 qnod
710 3125 765 3190 sibi
793 3127 863 3189 deos
886 3127 1025 3190 fabricent
1053 3128 1162 3212 absque
1186 3129 1247 3192 ullo
1271 3135 1313 3192 te·

178 3215 417 3349 sinopem
435 3295 546 3369 genter.
586 3283 665 3346 Sieui
685 3285 742 3348 hoc
762 3285 875 3368 placeat
893 3287 1063 3430 rmiringssre
1082 3287 1117 3348 ad
1137 3294 1317 3371 praesentem

179 3385 304 3436 caussm,
325 3385 442 3446 perine
462 3367 499 3426 sit
517 3365 647 3426 liberum.
668 3363 707 3426 iit
725 3373 801 3428 certe
821 3387 908 3448 qnam
927 3368 972 3450 ips
1039 3369 1105 3428 arid
1124 3369 1244 3450 gratim
1262 3387 1315 3430 ex·

178 3453 278 3530 pertus
298 3451 369 3519 erat,
390 3464 477 3525 saepe
495 3445 650 3527 emplilicat
669 3445 773 3506 talibus
792 3449 937 3508 encomiis.
969 3445 1129 3510 Commode
1147 3456 1244 3510 tanim
1263 3465 1315 3510 ea·

178 3525 294 3586 tendere
320 3523 416 3584 iicebit
441 3521 476 3583 sd
501 3519 662 3606 generalem
682 3521 737 3584 Dei
758 3529 923 3606 putentium.
962 3525 1031 3588 Sive
1051 3534 1148 3588 autem
1168 3525 1325 3609 defgratia,

67 3667 73 3674 ,
128 3637 135 3660 ι
178 3605 311 3688 privatim
332 3603 386 3662 sibi
406 3604 518 3678 collato,
537 3602 597 3663 sive
617 3604 652 3665 dc
672 3603 804 3686 operibns
823 3603 881 3665 Dei
899 3607 929 3670 in
948 3625 1052 3687 genere
1071 3607 1199 3680 disserat,
1217 3612 1316 3668 renen-
1420 3619 1421 3624 ’

176 3686 247 3744 dum
268 3689 311 3742 est
334 3681 411 3762 quod
432 3681 498 3742 alibi
517 3681 652 3758 diximus,
672 3685 783 3765 quoties
803 3685 914 3765 pietatis
933 3704 1105 3748 consensum
1124 3687 1154 3748 in
1175 3685 1318 3748 Gentibus

178 3761 332 3844 praedicat,
354 3761 495 3844 respicere
514 3763 549 3822 ed
565 3783 685 3843 regnum
696 3762 814 3824 Christi:
835 3771 901 3824 aute
920 3765 1000 3842 cuins
1020 3765 1175 3828 adrentum
1195 3767 1317 3846 primor-

169 3843 225 3902 dia
244 3847 355 3900 tanturn
375 3841 515 3921 quaedam
530 3841 630 3902 libavit
643 3841 877 3903 manifestationis
891 3863 959 3904 snae
974 3844 1090 3923 gloriae,
1132 3864 1185 3906 nse
1201 3845 1318 3908 tandem

183 3919 330 4002 Evangelii
350 3937 421 3982 roee
441 3941 538 4002 sparsa
557 3921 611 3982 init
630 3941 682 4019 per
700 3927 793 3982 tutum
813 3921 920 3984 orbem.
945 3921 1006 3984 Nec
1024 3944 1094 3985 vero
1144 3923 1257 3986 sudem
1276 3923 1318 3984 la·

180 4001 258 4062 tebet
277 4001 375 4060 tutore
395 3999 529 4060 Gentium
549 4007 677 4062 rocstro:
697 4001 749 4061 sed
768 4003 834 4082 quia
873 4009 970 4084 ropter
988 4005 1145 4065 novitatem
1164 4004 1220 4064 boc
1239 4003 1320 4064 dictu

101 4157 105 4170 ·
179 4098 313 4220 iiiiii
329 4086 399 4218 tt
416 4079 653 4220 ttt‘tttttt’
676 4101 738 4220 10⁸⁰
735 4087 847 4222 titt.
866 4085 1192 4224 iiiiiiiiiiii?
1189 4081 1321 4224 ..itt
1420 4105 1421 4120 '

180 4237 326 4298 doctrinae
348 4239 511 4334 participes:
530 4201 677 4320 mib'garidi
697 4257 781 4299 causa
801 4239 878 4316 dicit,
898 4240 1004 4304 Gentes
1019 4261 1137 4326 qnoque
1149 4227 1320 4304 csssuDeo

179 4315 312 4379 memus.-
341 4323 374 4378 ut
392 4318 508 4379 mismo
527 4316 681 4380 absurdum
700 4317 790 4380 rideri
809 4319 919 4400 debeat,
938 4321 964 4404 si
982 4323 1061 4405 ipssc
1079 4341 1196 4404 quoque
1215 4321 1320 4384 illumi·
