2890 4886
182 261 240 324 224
608 261 895 316 uersuros

76 439 79 446 .
185 389 936 474 cumbuntiuterpretesbocdebcreiutsltigidc
954 393 1035 454 suos
1054 393 1239 475 etproefixis
1259 395 1318 460 db·

184 470 248 534 bus
287 467 363 532 Nem
413 491 482 530 unm
509 469 621 530 soleant
638 467 761 532 Hebraei
789 477 946 554 supputere
969 491 1081 534 meuses
1108 494 1176 538 suos
1201 476 1321 554 ulnus,

186 568 251 612 esm
268 548 374 610 hebent
414 551 567 610 ‘rectricem
586 547 622 609 ed
642 549 729 611 festos
750 550 829 626 dies,
858 558 888 612 et
906 557 966 612 tem
986 551 1023 612 od
1041 570 1137 614 sacros
1157 573 1246 634 quom
1264 577 1319 636 po·

185 629 278 692 litioos
297 635 462 691 conventus.
492 625 554 709 Ego
574 621 668 690 tomen
686 629 886 708 synecdochen
904 629 1020 692 subesse
1039 631 1233 698 noudubitoz
1258 624 1324 698 ucsi

185 709 303 770 dixisset
320 707 474 788 Propheta,
492 706 590 770 lunum
608 727 668 768 nou
687 709 774 770 modo
793 710 853 772 dics
871 729 890 770 s
906 709 1039 772 noctibus
1059 710 1247 792 distinguere,
1264 715 1319 774 sed

186 791 271 864 edom
288 795 391 850 uotsre
407 787 466 848 dies
485 787 582 862 festos,
602 787 759 862 describere
776 808 867 850 runos
886 795 916 849 et
934 808 1056 864 meuses,
1075 789 1319 871 deuiqoeoceom·

187 867 333 937 modotsm
357 886 419 930 esse
442 864 480 926 od
497 867 667 947 multipficcs
687 887 767 929 uem:
791 869 858 950 quio
881 888 919 929 ex
938 871 998 930 eius
1017 888 1103 932 curso
1121 871 1228 950 petitur
1247 877 1318 934 teur-

174 967 291 1030 ‚porum
320 945 472 1007 distinctio.
512 942 612 1026 Quum
641 947 709 1008 dicit
737 949 826 1008 rotem
854 970 1029 1030 eogrwscere
1057 971 1198 1013 occasum
1221 973 1320 1027 mour,

185 1045 245 1089 noo
263 1032 374 1089 uotum
394 1024 430 1085 de
448 1026 612 1106 quotidiano
631 1026 751 1088 circuitu
769 1025 909 1108 intelligo:
928 1027 979 1088 sed
998 1028 1065 1108 quio
1084 1029 1223 1109 gradatim
1238 1049 1319 1092 nunc

185 1103 322 1172 secedens
348 1105 465 1188 propios
488 1104 525 1164 sd
549 1123 617 1180 nos,
644 1125 722 1166 nuuc
740 1107 887 1180 recedens,
912 1125 978 1168 suns
997 1108 1132 1170 elationes
1151 1109 1245 1170 metiri
1263 1131 1316 1172 uo·

184 1187 272 1260 verit,
300 1204 339 1245 ex
367 1183 470 1264 quibus
494 1190 645 1260 satutem,
673 1184 823 1264 hyemem,
851 1206 903 1246 ver
928 1193 958 1248 et
981 1193 1150 1248 sntumnum
1174 1187 1319 1252 conficiet.

184 1267 319 1346 Reptore
340 1273 432 1326 cocto
454 1263 522 1324 dicit
540 1265 646 1328 testim
662 1268 767 1340 mure,
791 1266 858 1348 quis
878 1265 976 1326 timide
995 1266 1178 1346 egrediuntur
1196 1287 1235 1328 cx
1252 1269 1318 1330 suis

119 1393 126 1406 .
183 1345 309 1416 latebris.
348 1342 474 1423 Quidem
497 1341 618 1406 verbum
641 1349 732 1414 mm
758 1365 811 1426 pro
836 1342 981 1409 ambulare
999 1345 1155 1426 occipiunt:
1175 1347 1227 1408 sed
1245 1368 1315 1428 pro·

184 1419 248 1506 p'rio
266 1421 435 1505 significatio
457 1442 517 1484 non
535 1423 610 1484 mule
629 1422 771 1499 convenit,
792 1425 858 1506 quio
878 1425 931 1484 etsi
950 1424 1043 1484 incon
1062 1443 1147 1506 ssepo
1165 1421 1241 1502 leros
1255 1427 1317 1488 sdi-
1346 1481 1349 1492 .

185 1505 229 1585 git
245 1504 284 1564 ed
301 1503 423 1578 rohten,
442 1509 558 1584 esptsut
575 1509 670 1566 tomen
688 1505 780 1566 noctis
798 1501 942 1578 uoebrssr
960 1503 1026 1566 ideo
1044 1511 1163 1587 propter
1180 1503 1256 1568 bruc
1281 1507 1317 1568 ti-

184 1581 342 1646 miditatem
364 1583 498 1644 dicontur
516 1603 547 1644 rs
568 1589 637 1656 tere.

223 1603 567 1746 commumoni

185 1744 364 1825 ooprodeuot
374 1750 427 1804 etr
465 1744 535 1804 itum
544 1743 640 1818 edunt,
651 1741 1049 1826 descripsittomeuProphcts
1058 1744 1127 1826 qnid
1139 1743 1318 1826 frequentius

188 1823 315 1886 occidero
326 1823 425 1898 soleat,
463 1824 511 1884 icit
520 1823 693 1904 ergo'lcones
712 1822 833 1884 interdiu
851 1825 985 1906 progredi
1003 1845 1063 1884 uon
1082 1823 1195 1898 cudere,
1214 1825 1316 1888 sedtu-

66 1959 69 1969 .
188 1901 285 1966 nebris
299 1905 404 1964 'noctis
422 1902 511 1965 fretos
530 1903 660 1984 prosilire
679 1903 715 1962 sd
735 1903 879 1984 praedem.
918 1905 1016 1984 Atque
1036 1903 1083 1964 bio
1102 1905 1238 1965 mirabilis
1257 1903 1316 1966 Dei

186 1983 363 2066 providentie
381 1990 508 2065 apparet,
527 1983 606 2064 qood
624 1990 684 2044 um
703 1981 920 2045 formidolosum
940 1985 1045 2044 suimet
1062 1987 1093 2045 iu
1110 1990 1316 2046 untrooeeou-

185 2064 271 2140 tiuet,
295 2071 330 2124 ut
353 2063 469 2124 liberior
492 2064 528 2124 sit
554 2061 716 2123 homiuibus
734 2064 912 2125 ambulatio!
926 2062 1015 2144 Quod
1033 2071 1129 2126 antem
1147 2066 1255 2134 maiore
1273 2067 1316 2126 iu·

568 1664 666 1724 emetri
676 1662 771 1724 leones
780 1664 804 1723 si
812 1662 900 1725 bures
910 1683 960 1728 cos
970 1669 1062 1746 cogat,
1072 1663 1156 1726 ctiam
1166 1663 1259 1726 medio
1269 1665 1314 1726 lu·
1409 1719 1412 1732 .

184 2143 297 2206 terdum
314 2144 428 2206 licentio
447 2149 586 2224 vagantur
605 2143 711 2218 leones,
730 2143 760 2204 id
780 2143 930 2205 defectioni
939 2143 1021 2206 Adue
1040 2143 1238 2240 impotentium
1258 2152 1312 2221 cst,
1374 2157 1375 2162 ’
1431 2189 1432 2192 ,

174 2243 260 2306 ‚quse
278 2214 337 2284 ‘iltis
361 2223 517 2284 dominium
540 2223 570 2284 iu
594 2222 669 2284 teror
692 2223 795 2286 bestius
819 2224 944 2286 abstulit.
985 2222 1102 2286 Manent
1120 2225 1228 2286 intem
1247 2225 1316 2288 reli·

185 2308 269 2386 quise
294 2303 435 2400 quaedum
457 2305 591 2398 pristinae
610 2303 812 2365 benedictionis
831 2303 902 2380 Dei,
926 2303 1007 2400 qood
1024 2305 1128 2400 diurno
1147 2304 1211 2366 loce
1231 2306 1317 2385 qussi
1358 2369 1363 2378 s

104 2401 108 2416 '
185 2385 327 2466 repogulrs
350 2385 399 2446 vel
422 2392 528 2444 moeno
547 2382 628 2444 Deos
652 2389 698 2444 tot
721 2385 895 2447 truculentos
914 2383 1017 2446 besuus
1036 2391 1169 2446 eontinet
1211 2387 1315 2448 cunm

53 2500 57 2523 s
192 2488 214 2526 u
227 2469 294 2526 Deo
313 2487 452 2548 quorem
471 2464 576 2534 dicens,
594 2481 653 2524 nou
672 2463 803 2545 iutelligit
822 2462 924 2526 sdDei
943 2483 1091 2525 curamue
1110 2464 1238 2526 conterre
1257 2465 1316 2526 scri

184 2563 252 2606 eom
274 2547 421 2606 nutritium
445 2563 460 2604 o
481 2549 643 2604 noscerent:
666 2541 716 2602 scd
739 2563 801 2604 rem
826 2544 919 2625 ipsum
939 2544 1082 2626 designat,
1106 2543 1184 2622 quod
1207 2544 1316 2606 scilicet

185 2621 307 2688 mirsbib
334 2624 444 2686 rstioue
494 2642 545 2684 eus
564 2620 660 2682 bestiis
679 2628 738 2684 tsur
757 2623 907 2686 voracibus
925 2622 1092 2684 elimentum
1111 2623 1268 2704 provideat

259 2709 317 2766 -220
338 2706 458 2769 orietur
476 2706 529 2764 sol.
568 2699 756 2781 Prosequitur
778 2703 856 2762 illum
879 2705 1061 2780 seutmtism,
1085 2705 1127 2762 sic
1151 2703 1317 2766 distribuit

183 2781 249 2847 Deo
272 2791 436 2878 temporum
459 2783 550 2855 noes,
575 2787 607 2842 ut
631 2781 690 2842 dies
715 2783 751 2842 sit
771 2785 902 2863 proprtui
922 2784 1053 2844 hominis.
1092 2780 1156 2842 Nisi
1173 2785 1251 2844 euim
1270 2788 1316 2844 tot

183 2863 258 2926 letes
276 2861 358 2924 nobrs
376 2862 493 2922 infestos
510 2859 656 2922 cohiberet
674 2858 764 2936 Deus,
782 2881 853 2922 mox
871 2868 969 2924 cotom
987 2862 1062 2923 foret
1080 2861 1117 2922 de
1135 2881 1239 2942 genere
1259 2861 1312 2924 lur-

170 2961 281 3009 rmsuo.
320 2938 421 3018 Quum
444 2960 513 3020 ergo
536 2941 595 3000 ism
614 2945 680 3019 post
698 2941 810 3020 lapsum
829 2941 952 3004 bominis
971 2941 1061 3002 videri
1079 2943 1189 3022 possint
1209 2942 1315 3005 bestium

183 3024 216 3084 iu
234 3021 389 3103 pernicicm
407 3026 535 3082 nostram
552 3024 645 3093 uotae,
664 3027 693 3080 ct
713 3021 812 3080 obvios
832 3040 962 3103 quosque
977 3021 1137 3104 discerpent
1151 3022 1316 3084 sclouieut:

183 3119 299 3168 neccsse
322 3105 367 3162 est
395 3099 540 3160 saevitiem
568 3097 644 3159 hanc
670 3097 728 3160 Dei
756 3101 934 3183 providentis
958 3101 1083 3162 dromo
1113 3102 1211 3162 teneri.
1255 3099 1315 3163 Eos

122 3237 124 3254 ,
183 3187 281 3278 sotem
299 3185 332 3242 ut
351 3177 478 3276 recludet
496 3179 527 3240 iu
545 3183 628 3272 sutrp
647 3198 709 3256 sus,
728 3186 843 3241 tontum
884 3202 916 3244 ro
935 3187 1044 3242 terrore
1063 3181 1155 3274 luceru
1175 3181 1243 3242 solis
1262 3202 1314 3262 op·

183 3267 274 3401 lul
282 3257 525 3420 iiiiii?
542 3261 1000 3403 &tituttttutttt
1012 3267 1315 3420 ttttttltgttff

184 3417 274 3500 Quod
297 3439 365 3500 ergo
389 3419 455 3478 loce
478 3418 637 3500 protegitur
656 3417 743 3479 bomo
764 3425 862 3482 c'ontrs
882 3421 941 3482 vim
959 3429 989 3484 ct
1009 3422 1125 3482 ioiorios
1144 3419 1315 3494 belluarum,

184 3501 215 3562 in
233 3519 268 3560 eo
288 3499 456 3580 perspicitur
473 3497 701 3579 incomparabilis
720 3497 776 3561 Dei
795 3499 916 3578 bonius,
936 3502 986 3584 qui
1005 3499 1138 3564 bumsuis
1157 3499 1316 3562 commodis

185 3587 245 3642 tam
265 3583 384 3661 paterne
401 3578 559 3665 prospexit.
1349 3597 1356 3619 ⁸
1431 3589 1432 3592 ’

273 3739 328 3814 24.
350 3743 456 3831 Quum
482 3697 676 3838 magnificato
703 3755 779 3814 suut
806 3769 903 3838 opera
922 3757 977 3815 tur
998 3745 1140 3830 lehovsl
1156 3745 1261 3814 omnis
1283 3744 1317 3812 in

187 3851 338 3945 sepientis
360 3849 473 3936 iecisti,
494 3850 623 3943 impleto
645 3861 694 3920 est
714 3863 797 3920 terre
819 3853 932 3945 opibus
952 3852 1025 3921 tois.
1069 3853 1122 3920 25.
1144 3849 1216 3920 Hoc
1229 3873 1317 3920 marc
1431 3899 1432 3930 2

88 3959 94 3969 '
181 3981 334 4052 magnum
360 3967 393 4026 et
418 3957 595 4049 spatiosum
614 3959 809 4051 regionibus,
835 3957 899 4026 illic
924 3957 1035 4048 reptile
1065 3969 1098 4026 et
1118 3979 1186 4024 non
1207 3979 1316 4024 nome·
1431 3969 1432 3988 ¹

184 4087 250 4150 ros,
273 4063 416 4132 animulis
437 4064 550 4154 pusilla
577 4071 651 4134 ctum
677 4065 808 4156 mugnis.
853 4064 907 4131 26.
934 4062 999 4132 Illic
1024 4086 1123 4134 noves
1145 4062 1317 4147 ambulent,

183 4169 369 4254 Leviutbsn‚
397 4191 494 4262 quem
516 4171 657 4238 formasti
678 4181 715 4238 ut
735 4169 823 4238 ludet
843 4170 877 4238 iu
900 4191 949 4238 eo.

261 4317 310 4378 24.
331 4321 432 4391 Quom
450 4319 658 4398 magnificato.
677 4312 744 4376 Nou
763 4321 911 4376 enumerat
924 4285 1070 4396 Proplrcts
1089 4314 1230 4394 integram
1249 4331 1316 4393 ope-

182 4393 325 4496 rumDei
337 4396 581 4478 ,descriptionem
606 4395 687 4480 quod
704 4397 876 4459 immensum
893 4395 981 4458 foret:
1005 4393 1056 4456 sed
1074 4400 1190 4505 mutum
1207 4393 1317 4476 species
