2884 4886
116 277 126 309 ²
199 303 253 360 235
361 303 379 352 “,
588 305 928 374 Ιἰοιιινιιιυκ

62 425 74 436 ’
114 425 116 437 “
183 425 302 490 *medos
327 423 382 486 Dei
407 423 545 487 altissimi.
589 424 670 487 Dens
687 425 791 489 'autem
814 428 844 488 in
869 427 980 510 populo
1004 447 1057 488 suc
1076 427 1148 490 haec
1167 427 1260 490 officia
1280 433 1334 492 mi-

203 508 276 566 sceri
301 507 401 566 noluit.
441 505 540 588 ltaque
565 525 654 584 quum
680 505 744 568 Rex
768 505 868 582 Urias,
897 509 948 588 qni
972 508 1113 588 legitimus
1133 517 1195 569 eret
1213 502 1333 572 Desidia

94 637 99 648 .
201 605 361 660 successor,
399 584 527 646 suffitum
556 585 621 646 Dec
651 587 764 647 adolere
791 593 942 661 tentasset,
982 587 1059 668 lepra
1089 589 1144 648 tuit
1173 607 1334 670 percussus,

203 671 232 728 2.
244 663 362 746 Paralip.
374 667 423 738 26,
433 668 481 726 21.
501 663 567 724 Fuit
585 667 672 745 igitur
690 667 801 728 diversa
820 667 892 726 ratio
912 669 941 727 in
961 669 1096 748 progenie
1107 665 1226 730 Davidis
1246 688 1334 751 quam

200 750 231 808 in
250 743 444 806 Melchisedec.
465 743 503 804 Et
522 745 654 825 colligere
673 753 837 827 promptum
853 745 1054 805 estdiserimen
1066 747 1234 824 licenciati,
1254 751 1334 830 qucd

200 829 231 887 in
257 825 314 884 hcc
337 843 415 886 novo
440 823 533 906 Rege,
562 825 720 886 Sacerdotii
744 825 843 904 religio
863 845 930 884 cnm
948 825 1108 888 diademate
1127 835 1156 887 et
1175 829 1248 888 solio
1269 847 1336 888 eon·

200 903 297 968 lunda
320 906 382 963 erit.
423 901 496 967 Nam
520 911 597 964 certe
622 907 731 986 imperii
758 909 888 966 maiestas
912 923 971 964 non
991 913 1069 964 tanta
1089 905 1144 965 luit
1163 908 1192 967 in
1212 907 1336 968 obscuro

200 984 300 1066 regulo
319 982 521 1060 Melchisedec,
549 991 582 1044 ut
607 1004 643 1045 eo
669 985 730 1044 scic
751 992 883 1066 respectu
903 987 1025 1066 proponi
1046 986 1174 1046 debuerit
1193 988 1223 1046 in
1242 1007 1337 1046 exem-

200 1066 272 1150 plar.
311 1061 386 1123 Nam
409 1061 507 1125 Salem
531 1065 615 1126 unies
639 1065 700 1125 eius
726 1064 821 1140 sedes,
849 1064 973 1144 ignobile
996 1071 1068 1125 tnnc
1088 1071 1148 1125 erat
1167 1085 1205 1147 cp
1226 1067 1337 1126 idolum

200 1145 249 1206 ubi
270 1143 398 1224 precario
416 1142 563 1224 regnabat,
583 1151 616 1204 ut
635 1143 705 1204 nihil
725 1145 755 1204 in
775 1163 809 1210 ec
829 1142 1012 1205 memorabile
1030 1143 1116 1204 inerit
1130 1145 1183 1206 nisi
1197 1087 1337 1205 incerto·

199 1225 231 1285 tii
250 1231 281 1284 et
300 1221 391 1304 Regni
411 1225 583 1283 coniunctio.
607 1223 747 1284 Prcicncs
767 1225 842 1285 enim
858 1221 951 1302 Reges
971 1223 1087 1283 ambitio
1106 1225 1219 1304 impulit
1238 1231 1275 1284 ut
1293 1245 1339 1285 re·

198 1304 343 1367 versutiae
362 1302 517 1383 eaptcndee
536 1319 622 1362 cause
641 1304 779 1364 hcncrem
799 1303 955 1363 Sacerdotii
975 1302 1010 1361 ad
1032 1321 1063 1363 ee
1081 1311 1223 1383 raperent.
1264 1303 1338 1365 Mel·

199 1381 329 1444 chisedee
357 1389 453 1442 antem
483 1389 634 1462 utramque
677 1403 808 1443 emonam
828 1381 885 1442 Dei
909 1383 1044 1443 mandato
1064 1385 1206 1444 sustinuit.
1245 1382 1338 1443 Nobis

112 1525 115 1540 .
200 1462 316 1544 quidem
336 1460 449 1522 abunde
469 1461 600 1522 sufficere
619 1403 844 1543 deietnpostctt
863 1464 1026 1536 auctoritas,
1046 1481 1084 1522 ne
1102 1463 1264 1523 dubitemus
1275 1463 1338 1522 Da-

199 1543 295 1602 videm
314 1541 345 1601 id
364 1543 497 1601 sensisse:
517 1542 567 1601 sed
609 1542 744 1601 uarnlibet
763 1542 948 1622 pervimciter
967 1541 1257 1616 contendantludael,
1275 1563 1337 1601 ma·

198 1621 301 1682 nilesta
330 1622 404 1681 ratic
428 1620 549 1694 evincit,
579 1559 607 1680 ei

199 1703 280 1760 cuins
298 1719 391 1780 nuper
410 1699 485 1759 iacta
504 1699 558 1759 luit
576 1703 697 1760 mentio:
722 1707 752 1760 et
770 1707 877 1760 certam
896 1717 931 1758 ae
949 1699 1092 1760 insolitam
1111 1706 1209 1760 notam
1228 1704 1338 1782 apponi

197 1789 273 1860 qnae
292 1779 450 1841 Sacerdotii
474 1778 584 1839 bonore
604 1779 751 1839 Christum
775 1780 887 1839 attollat
906 1797 992 1860 supra
1012 1780 1084 1838 alios
1103 1778 1211 1862 Reges,
1236 1781 1337 1840 simul·

199 1877 256 1940 que
287 1861 348 1920 eius
367 1857 567 1920 Sacerdotium
590 1857 730 1919 discernat
755 1860 915 1920 alevitiec.
955 1857 1020 1918 idne
1044 1857 1151 1918 accedit
1171 1857 1227 1919 Dei
1247 1859 1337 1920 insin·

200 1937 335 2010 randum,
367 1939 418 2020 qui
442 1943 520 2001 certe
544 1955 657 1998 eaerum
675 1955 781 1998 nemen
801 1957 886 1997 suum
905 1936 990 1997 rebus
1010 1939 1135 1998 leviculis
1154 1941 1338 2019 interponere

66 2044 73 2076 r
151 2054 154 2064 ·
198 2037 258 2078 non
282 2017 370 2077 solet:
395 2017 454 2076 imo
479 2023 512 2076 nt
535 2035 589 2076 nos
613 2035 667 2077 suc
686 2017 821 2098 exemplo
839 2017 876 2075 ad
896 2016 989 2077 sobrie
1009 2023 1038 2076 et
1057 2025 1221 2078 reverenter
1239 2020 1336 2077 iuran-

198 2095 268 2157 dum
286 2096 422 2172 institunt,
442 2115 589 2176 nunquam
608 2096 683 2155 iurat
702 2097 756 2156 uisi
776 2097 855 2176 gravi
875 2101 904 2154 et
923 2096 995 2155 seris
1015 2095 1051 2155 de
1065 2113 1165 2155 causa.
1190 2095 1223 2156 Si
1237 2103 1335 2156 autem
1423 2119 1424 2140 ¹

197 2177 319 2236 iurasset
337 2175 419 2235 Deus
443 2174 576 2236 Messium
599 2175 662 2236 iere
687 2176 788 2235 ducem
808 2180 838 2235 et
856 2173 1075 2256 gubernatorem
1096 2174 1195 2255 populi
1214 2177 1273 2247 sni,
1292 2175 1332 2232 si-

199 2261 249 2317 eut
276 2255 332 2314 init
354 2252 556 2328 Melchisedec,
584 2255 692 2314 insulse
716 2261 790 2316 esset
814 2256 937 2312 nominis
962 2256 1023 2314 eine
1048 2255 1221 2332 profanatio:
1254 2271 1335 2313 nune

200 2353 291 2415 quum
310 2339 445 2472 appareat
463 2353 561 2393 rarum
579 2333 687 2413 aliquid
705 2340 736 2394 et
744 2333 879 2406 eximium
890 2334 992 2406 notari,
1012 2333 1144 2420 colligere
1158 2325 1336 2412 lieetqdanti

199 2418 237 2473 sit
260 2433 319 2494 pcn
338 2413 394 2473 eris
414 2411 522 2472 Christi
541 2413 737 2474 Sacerdotium
757 2413 836 2494 quod
855 2410 912 2472 Dei
930 2413 1112 2472 iureiurando
1131 2413 1266 2471 sancitur.
1295 2409 1337 2470 Et

607 1624 681 1680 arins
704 1620 753 1680 hic
778 1620 896 1680 describi
922 1620 1002 1680 illum
1026 1621 1182 1680 sanctitatis
1201 1622 1338 1682 decerem
1422 1651 1423 1656 ¹

198 2499 275 2553 certe
297 2493 328 2552 in
346 2491 404 2553 hbe
429 2493 541 2556 cardine
561 2494 680 2552 vertitur
699 2493 775 2552 salus
794 2499 905 2552 nostra:
930 2492 996 2572 quio
1016 2493 1070 2550 nisi
1090 2491 1207 2550 Christo
1227 2490 1334 2550 media·
1424 2535 1425 2572 3

198 2579 262 2634 tore
284 2571 365 2646 freti,
389 2590 406 2632 a
426 2570 482 2632 Dei
501 2579 657 2653 conspeetu
676 2566 775 2631 cmu'es
795 2589 933 2632 moenem.
973 2569 1049 2648 Quia
1070 2589 1138 2630 vero
1158 2570 1242 2630 nobis
1261 2569 1335 2628 nihii

197 2653 289 2734 magis
313 2653 503 2714 neeessariam
523 2651 656 2732 precandi
676 2651 794 2726 iidneia,
823 2649 905 2710 Deus
924 2669 983 2710 ncu
1003 2650 1145 2710 modoad
1165 2669 1197 2710 se
1216 2667 1271 2708 nos
1289 2651 1335 2708 in·

197 2735 279 2808 vitat,
299 2732 349 2792 sed
367 2733 535 2814 interposito
554 2731 746 2806 iureiurando,
765 2735 920 2810 patronum
940 2729 1021 2788 ncbis
1041 2731 1189 2788 constitnit
1208 2729 1333 2809 quigra·

197 2814 267 2872 tiam
289 2811 429 2871 conciliet.
470 2810 538 2870 ldec
558 2813 607 2892 qui
627 2810 679 2869 sibi
699 2809 888 2891 praecludunt
907 2811 1031 2882 ianuam,
1052 2807 1148 2868 Deum
1168 2809 1335 2868 insimulant

197 2891 347 2962 mendacii,
367 2897 453 2969 etque
473 2891 558 2952 etiem
578 2891 702 2971 periurii.
724 2888 784 2950 Nee
803 2887 854 2948 abs
872 2907 904 2948 re
923 2888 1069 2948 contendit
1088 2887 1113 2948 A
1136 2888 1256 2962 celcius,
1275 2885 1333 2946 hoe

196 2971 286 3031 medo
304 2967 472 3050 abrogatum
491 2969 578 3029 inisse
596 2965 753 3028 leviticum
773 2968 987 3044 Sacerdotium,
1007 2971 1073 3048 quia
1092 2909 1142 3026 itii
1161 2975 1254 3026 stante
1271 2985 1334 3027 nou

115 3055 118 3072 ¹
196 3051 304 3110 inraret
322 3048 403 3110 Deus
422 3067 528 3108 nevam
547 3049 609 3108 lere
627 3050 782 3121 rationem,
805 3049 860 3109 nisi
878 3049 973 3108 lutura
993 3053 1067 3108 esset
1085 3047 1181 3126 eliqua
1199 3045 1331 3108 mutatio.

196 3128 260 3190 hnc
279 3149 369 3208 quum
388 3129 530 3210 promittit
547 3147 656 3188 novum
675 3127 873 3200 Sacerdotem,
891 3147 951 3188 non
970 3127 1087 3186 dubium
1107 3133 1166 3198 est,
1185 3128 1247 3186 aliis
1267 3145 1329 3184 om-

196 3209 280 3272 nibns
310 3207 457 3290 praeferri,
487 3212 516 3267 et
539 3208 589 3286 qui
612 3214 758 3288 receptum
781 3227 891 3268 morem
911 3207 1031 3266 aboleat.
1071 3209 1193 3275 li'ffl'l
1215 3206 1333 3285 quidam

159 3341 166 3352 ,
196 3294 328 3365 venunt,
353 3286 509 3348 secundum
527 3284 646 3346 verbum
666 3305 774 3347 meum:
800 3307 923 3367 querum
949 3286 1117 3346 sententiam
1136 3305 1194 3343 uon
1202 3301 1333 3444 ¹p‘rorsns

198 3369 329 3448 repudio,
348 3385 415 3426 nam
435 3366 491 3426 hoe
510 3365 597 3426 modo
615 3364 712 3426 David
730 3366 928 3428 Sacerdotium
947 3365 1134 3446 Melchisedec
1153 3365 1184 3424 in
1279 3382 1333 3424 vc·

199 3449 313 3510 catione
338 3453 368 3507 et
391 3445 526 3508 mandato
556 3445 706 3506 fundatum
735 3466 798 3508 esse
831 3446 944 3506 diceret.
981 3445 1041 3506 Sed
1061 3446 1127 3525 qnia
1148 3449 1161 3493 t
1181 3462 1266 3524 caepe
1285 3462 1332 3502 su·

198 3541 376 3626 pervacuum
394 3533 448 3602 est,
467 3525 632 3606 simmiciter
650 3535 796 3587 rcttcmm
814 3533 925 3588 sertem
944 3526 1044 3598 malui,
1060 3525 1144 3584 sicuti
1163 3525 1249 3584 etiam
1270 3543 1329 3582 ma·

197 3627 244 3670 rer
269 3623 335 3688 pars
360 3608 548 3686 interpretum
572 3605 628 3665 hco
646 3607 771 3666 inclinat.
812 3605 948 3666 Ceterum
989 3607 1035 3664 uia
1053 3605 1228 3684 comparatio
1250 3601 1331 3662 Chri·

199 3689 236 3748 sti
261 3705 327 3746 eum
347 3685 535 3746 Melchisedec
559 3686 712 3766 plerosque
730 3706 768 3746 ex
786 3687 907 3746 vetustis
926 3625 1068 3744 deiicere
1087 3686 1141 3743 seri
1164 3683 1272 3742 toribus
1291 3681 1332 3741 le·

199 3767 286 3841 iellit,
316 3767 385 3848 quid
413 3765 505 3825 simile
531 3764 584 3839 sit,
612 3783 650 3824 ex
669 3767 810 3847 Apostclo
834 3764 984 3825 dicendm
1009 3770 1067 3840 est,
1096 3705 1173 3824 unde
1198 3763 1331 3842 colligere

199 3853 366 3928 promptum
390 3845 445 3904 crit
464 3850 571 3925 quanta
589 3845 768 3928 incogitantia
788 3844 950 3906 hallucinati
970 3845 1036 3904 siut
1076 3841 1156 3921 Quid
1175 3843 1251 3902 enim
1271 3859 1332 3900 ma-

201 3929 246 4008 gis
264 3929 493 4008 praeposterum,
512 3941 598 4004 quam
618 3927 760 4006 negligere
779 3943 806 3982 m
830 3928 913 3984 steria
932 3925 1027 3985 omnia
1047 3923 1194 4004 dequibus
1209 3921 1333 4002 Spiritus

200 4023 253 4086 per
272 4025 305 4065 cs
322 4003 458 4100 pposmii
477 4003 621 4100 disseruit:
641 4014 671 4099 et
690 4004 767 4084 quod
787 3945 835 4097 ilie
854 4006 957 4102 omisit,
978 4021 1069 4100 unum
1088 4003 1246 4082 arripere?¹
1258 3999 1332 4062 Nam

83 4147 89 4174 ¹
200 4084 498 4222 :tibitibi
511 4081 1333 4244 tttiltttttlttnttttithih'tlhm

202 4241 253 4300 obt
285 4243 307 4300 it
326 4241 527 4316 Melchisedec,
546 4259 606 4301 nen
625 4249 720 4301 cutem
739 4245 769 4302 in
789 4243 957 4304 sacrificium
977 4243 1053 4302 Dec.
1082 4241 1183 4322 Neque
1201 4243 1233 4300 iu
1253 4257 1332 4300 saera

202 4317 301 4379 Coena
321 4319 429 4380 oblatio
448 4327 507 4380 est*
532 4323 592 4381 anis
611 4325 641 4380 et
661 4323 732 4396 vibi,
752 4323 836 4383 sicuti
855 4323 897 4384 illi
916 4325 988 4384 istoc
1008 4329 1160 4404 putarunt:
1185 4321 1237 4381 sed
1256 4339 1332 4379 ecus·

108 4431 110 4442 ·
202 4400 355 4460 municaiic
379 4402 453 4460 inter
477 4399 583 4460 ficies.
624 4395 713 4478 Quod
737 4420 807 4466 vero
831 4403 868 4464 ad
893 4409 1071 4485 praesentem
1093 4401 1192 4462 locum
1216 4405 1334 4482 spectat,
