2862 4888
169 287 206 347 43
533 275 536 284 '
596 285 892 332 cremnon

53 435 60 460 ·
171 413 217 480 ira
239 407 408 477 adscendit
421 407 455 475 in
477 405 639 498 lsredlemr
683 405 737 474 22·
762 405 844 492 Quia
865 379 1153 478 nonicredidefflnl
1173 408 1208 478 in
1228 407 1314 497 Deo,

172 528 206 587 et
226 539 294 585 non
312 523 524 608 speraverunt
544 513 579 580 in
600 512 700 581 salute
721 511 800 580 eius.

111 703 117 723 .
252 660 300 725 17.
320 661 362 722 Et
380 661 559 720 odbonont.
584 655 740 739 Postquam
760 655 884 718 breviter
901 657 1036 740 exposuit
1055 655 1201 742 Propheta¹
1221 662 1314 724 eonii.
1335 737 1337 740 Ι

172 761 231 806 nna
249 739 454 802 beneficiorum
473 739 547 798 serie
556 735 654 798 Deum
673 737 768 817 palam
786 736 886 798 iecisse
906 746 1083 820 quantopere
1102 748 1211 802 amaret
1220 742 1313 804 Abra·

171 821 321 896 haefilios,
340 837 417 882 nnnc
436 817 523 891 addit,
542 823 696 899 postquam
715 835 766 876 eos
786 816 839 877 sibi
858 823 918 878 tam
937 825 1035 880 sancta
1050 819 1235 902 obligaverat,
1275 841 1312 882 ro

173 923 227 964 sno
246 919 326 962 more
345 905 376 958 et
394 897 507 978 ingenio
526 897 664 958 scelerate
682 897 713 956 in
732 915 799 956 enm
818 895 1013 958 insurrexisse.
1033 897 1080 960 Ac
1090 901 1184 982 primo
1194 841 1313 980 quinium
1335 937 1339 948 ·

173 975 1315 1138 tntinlnntnnttlaautdunstanum

173 1139 315 1223 significat
333 1157 392 1197 non
411 1137 475 1198 leve
494 1135 581 1196 inisse
600 1123 744 1210 delictum,
769 1135 819 1196 aed
838 1136 976 1216 rpalitiam
994 1137 1210 1199 intolerabilem.
1248 1137 1340 1200 lam*

173 1219 231 1284 loci
297 1235 373 1298 oque
392 1216 604 1276 &cumulantia
622 1221 774 1295 exaggerat
793 1215 918 1285 criminis
938 1217 1177 1297 magnitudinem,
1201 1237 1261 1299 quo
1280 1221 1313 1280 iu

173 1304 236 1381 ipso
276 1303 379 1371 merto,
399 1296 507 1357 recenti
526 1294 619 1356 adbuc
637 1293 811 1355 liberationis
830 1297 978 1370 memoria,
1004 1295 1052 1356 ubi
1072 1297 1200 1377 quotidie
1219 1299 1314 1359 oculis

172 1378 375 1462 ingerebantur
393 1377 476 1456 rigna
493 1372 745 1456 praesentiaeDei,
764 1371 814 1436 ubi
833 1375 984 1436 ueoessitaa
1003 1377 1066 1456 ipsa
1084 1375 1122 1437 ed
1141 1375 1314 1458 obsequium

102 1529 105 1534 Δ
172 1481 223 1522 eos
241 1476 345 1540 cogere
364 1454 493 1529 debebat,
511 1461 594 1517 suam
612 1453 809 1614 intemgperiem
827 1457 888 1516 don
906 1453 1094 1523 cohibuerint.
1133 1453 1222 1535 Quod
1240 1475 1313 1540 ergo

173 1557 272 1602 coram
292 1533 440 1618 ipaoDeo‚
459 1534 510 1616 qui
530 1534 671 1614 praesenti
720 1533 797 1594 oriae
815 1552 885 1596 suae
903 1535 1008 1596 intuito
1026 1553 1078 1596 eoa
1097 1535 1234 1612 terrebat,
1259 1537 1313 1619 qai

125 1624 131 1630 '
172 1627 232 1681 tam
253 1617 374 1698 benigne
392 1623 421 1676 et
440 1614 566 1675 suaviter
584 1631 634 1673 eos
653 1611 690 1672 ad
714 1631 746 1674 se
769 1611 920 1676 alliciebat:
945 1633 1036 1694 quum
1059 1633 1157 1676 rerum
1180 1616 1312 1678 omnium

173 1699 271 1781 inopia
289 1695 325 1757 ad
345 1714 395 1757 eos
414 1692 588 1754 cohibendos
603 1694 744 1774 optimum
756 1693 914 1755 remedium
928 1699 1022 1769 esset·
1031 1695 1194 1776 petulanter
1212 1701 1312 1758 tamen

133 1837 136 1844 .
173 1784 206 1840 te
225 1777 375 1859 gesserim
399 1774 578 1857 prodigiosup
597 1779 674 1832 certe
692 1771 748 1831 fuit
765 1771 855 1832 furor.
1188 1791 1200 1806 ·
1379 1785 1382 1794 ·

254 1859 303 1920 18.
323 1857 567 1916 Ettentanerunt.
587 1849 666 1912 Haec
684 1850 739 1911 luit
756 1851 876 1913 irritatio
896 1853 978 1914 onim
996 1853 1138 1916 meminitr
1156 1875 1216 1916 non
1230 1853 1313 1937 quod

175 1935 271 1998 cibum
296 1941 405 2016 petere,
435 1933 460 1992 si
484 1937 599 2012 cogeret
616 1929 729 2006 inedia,
757 1946 810 2011 per
832 1951 864 1993 se
887 1940 962 1994 ercet
980 1932 1125 2009 illicitum,
1148 1937 1213 2016 quis
1231 1936 1313 1997 enim

116 2003 127 2030 ‘
175 2016 246 2078 nuo
265 2020 358 2075 vsnn
378 2014 403 2072 n
421 2011 544 2074 tamenn
563 2007 659 2070 Deum
679 2010 833 2070 numum
851 2012 1023 2094 imponar?
1060 2011 1120 2076 ssa
1139 2016 1171 2075 ru
1189 2035 1224 2096 es
1243 2033 1312 2097 pec

87 2144 91 2154 .
175 2101 296 2195 rprquptp¹
307 2087 388 2232 qupd
404 2091 468 2159 cibo
481 2088 696 2230 pprinituseibi·
708 2089 925 2230 destinaboquq
938 2095 1074 2170 conteuti,
1093 2095 1226 2156 laxarunt
1240 2109 1313 2156 suae

175 2173 563 2318 llltlmfflttnntt
586 2188 663 2308 ‘tlt
682 2179 1313 2335 ilidinmnn‘nliii'imi‘iitvli

43 2371 48 2390 .
175 2335 254 2396 cibos
274 2337 422 2414 appetunt,
440 2331 500 2392 acsi
518 2335 685 2410 respuerent
703 2327 798 2388 Patris
817 2331 862 2390 sui
880 2329 1057 2392 demensum.
1087 2331 1150 2394 Hoc
1163 2327 1314 2415 significat

52 2478 58 2484 ,
173 2412 320 2495 Propheta
339 2413 454 2473 nomine
473 2417 600 2484 animae,
613 2415 734 2490 petitore
751 2409 856 2484 cibum,
879 2428 939 2471 non
958 2411 1038 2491 quod
1056 2413 1161 2474 munies
1184 2420 1313 2496 cogerer,

47 2523 55 2532 ·
175 2494 226 2556 sed
250 2493 317 2574 quia
343 2495 444 2552 euroin
467 2489 711 2570 concupiscentiae
730 2507 789 2548 non
808 2487 966 2565 sufficeret,
995 2491 1059 2552 cibo
1079 2492 1213 2554 divinitus
1232 2493 1311 2553 ordi-

175 2579 243 2636 nato
263 2571 347 2632 vesci.
387 2569 450 2631 Hac
474 2569 585 2630 ratione
607 2566 678 2627 dicit
699 2585 750 2627 eos
772 2573 898 2629 tentasse
917 2565 1028 2629 Deum:
1057 2573 1125 2652 quia
1143 2571 1218 2632 ultra
1236 2571 1312 2634 lines

176 2653 230 2715 sibi
245 2648 338 2712 alico
357 2649 549 2731 praescriptos
565 2647 756 2707 transilierint.
776 2644 915 2729 Quisquis
934 2649 1011 2709 enim
1030 2650 1192 2730 posthabito
1211 2659 1242 2712 et
1259 2671 1313 2714 ne-

176 2733 269 2815 glecto
287 2729 346 2790 Dei
364 2729 519 2811 permissu,
548 2744 617 2786 suae
639 2726 873 2808 intemperantias
895 2727 944 2788 ind
995 2747 1067 2806 ens‚.
1088 2731 1242 2825 plusquam
1264 2731 1313 2793 ias

176 2819 221 2874 est
239 2809 357 2892 appetit,
383 2807 485 2868 dicitur
503 2805 600 2867 Deum
618 2811 743 2867 tentam
766 2807 825 2867 acsi
843 2826 911 2869 eum
929 2828 949 2867 v
1005 2815 1018 2870 t
1036 2810 1175 2874 autricus
1192 2809 1246 2872 suo
1265 2831 1314 2873 ar·

176 2891 277 2966 bitrio,
300 2888 348 2948 vel
371 2887 527 2968 inquireret
549 2886 672 2967 euplus
692 2885 784 2968 possit
801 2905 889 2966 qnam
908 2887 986 2950 velit.
1024 2887 1064 2950 Et
1083 2897 1161 2950 oerte
1181 2891 1312 2972 quisquis

176 2970 234 3033 Dei
253 2967 409 3052 potentiam
427 2966 602 3026 aroluutate
620 2971 741 3046 separat,
760 2963 858 3028 Deum
875 2963 981 3049 ipsum,
999 2975 1139 3049 qnantum
1155 2969 1188 3030 in
1207 2989 1238 3030 se
1256 2978 1313 3048 est,

177 3049 322 3130 discerpit,
341 3045 371 3106 id
390 3052 487 3107 antem
505 3044 615 3106 iaciunt
633 3045 684 3125 qui
702 3046 825 3127 experiri
843 3049 963 3128 cupiunt
980 3066 1019 3108 an
1063 3047 1107 3110 lus
1124 3047 1245 3111 damnus
1264 3051 1313 3127 sit,
1335 3056 1341 3066 ’

154 3143 156 3150 ⁴
177 3147 265 3212 quam
321 3131 380 3186 tere
399 3124 544 3187 concedat.
563 3124 691 3205 Ideoque
708 3145 751 3187 ne·
763 3126 855 3186 earnis
873 3126 961 3188 libido
972 3128 1011 3189 ad
1026 3067 1124 3190 licum
1141 3130 1313 3192 tentandum
1339 3167 1347 3180 ι

174 3227 231 3270 noa
255 3206 400 3280 solicitet,
429 3205 573 3267 discamus
595 3203 708 3266 inerrare
731 3212 828 3266 nustm
852 3205 1003 3282 desideria,
1031 3214 1063 3269 et
1089 3207 1218 3270 modeste
1247 3213 1312 3292 qui·

176 3305 273 3350 escere
296 3287 371 3346 intra
394 3284 467 3346 fines
490 3284 573 3346 nobi·
596 3285 721 3365 praescri
740 3291 794 3346 tos.
833 3283 908 3346 Nam
930 3287 957 3348 si
979 3286 1068 3350 libere
1089 3288 1215 3350 multet
1233 3307 1314 3365 caro,

177 3365 515 3522 retrudimur
529 3303 1024 3526 cininicurtem
1034 3367 1312 3523 rutuli

177 3519 328 3587 addit'non
342 3543 406 3586 esse
415 3526 521 3585 veritos
535 3523 630 3605 palam
644 3525 758 3606 impuro
771 3530 803 3586 et
820 3523 986 3607 blasphemo
1006 3546 1057 3588 ore
1077 3527 1202 3608 profarre
1221 3547 1313 3609 qnam

176 3608 255 3668 intus
273 3610 473 3687 conceperant,
490 3605 673 3685 impietatem,
697 3604 774 3676 unde
792 3603 893 3666 melius
911 3607 1043 3700 apparuit
1061 3625 1233 3668 cereorum
1250 3621 1312 3669 ma·

108 3719 109 3724 1
177 3687 238 3748 litia
257 3690 289 3766 et
305 3685 447 3766 pravitate
463 3685 577 3765 penitus
596 3683 683 3743 luisse
702 3691 883 3766 occupatum.
911 3683 961 3745 Sre
984 3688 1062 3746 enim
1081 3688 1314 3767 concupiscentia

64 3779 74 3808 f
177 3771 328 3864 peccatum
346 3763 473 3847 concipit
491 3762 561 3824 dom
579 3762 737 3824 admittitor
776 3781 845 3826 ravo
865 3783 1014 3826 consensu.
1035 3764 1148 3828 Deinde
1162 3773 1313 3846 peceatum

176 3861 272 3942 ipsum
292 3843 404 3924 longius
423 3843 597 3924 prorumpit,
620 3843 702 3904 sicuti
721 3785 853 3904 viiemus
871 3843 1012 3906 israelitas
1031 3845 1068 3905 ad
1087 3847 1253 3928 saudegam
1271 3847 1315 3908 la·

44 3941 57 3949 ·
178 3927 310 4018 senam·
335 3942 368 3984 ro
467 3941 577 3996 seam,
597 3921 666 3983 dum
683 3922 858 4003 interrogent
878 3923 913 3982 de
932 3925 1060 4004 potentia
1081 3923 1152 4000 Dei,
1172 3927 1314 4004 acsijeum

178 4023 232 4086 pro
252 4003 281 4064 ni
323 4022 342 4064 o
383 4008 511 4077 acerem,
530 4003 586 4062 nisi
604 4009 745 4082 quatenus
765 4022 834 4064 suae
852 3999 961 4063 libidini
980 4024 1091 4065 moram
1109 4012 1230 4086 gereret.
1255 4000 1315 4066 Per

178 4106 309 4146 monn
316 4091 458 4166 peretum
466 4082 589 4142 lautitias
597 4081 736 4162 uredign,
748 4082 852 4163 quibus
861 4091 928 4144 aute
936 4091 1119 4146 assueverant
1127 4085 1312 4181 iodegypto.
1426 4091 1427 4106 ¹

177 4161 280 4259 licque
298 4165 375 4224 enim
393 4181 493 4226 eorum
512 4161 622 4222 animos
641 4161 772 4243 placabat
790 4183 864 4230 nnus
878 4169 909 4223 et
924 4163 1045 4259 simplex
1060 4164 1151 4238 cibus,
1170 4167 1224 4226 nist
1238 4165 1313 4226 mul·

82 4276 88 4300 n
177 4243 269 4324 uphei
287 4243 370 4323 copia
383 4249 419 4303 :et
433 4241 568 4302 varietate
585 4259 618 4302 ae
637 4240 820 4302 oblectarent.
840 4241 941 4322 Quum
960 4243 1036 4316 drot,
1056 4247 1105 4304 En
1116 4247 1199 4306 Deua
1217 4267 1314 4328 equuus

173 4325 327 4405 profluere
344 4331 441 4396 tuerit,
460 4329 490 4382 et
508 4327 634 4381 caetera:
653 4341 712 4382 non
732 4322 834 4418 dubito
851 4323 922 4413 quin
941 4324 1115 4384 amarulenta
1130 4324 1220 4384 ironia
1234 4345 1314 4384 mor-

50 4447 56 4450 -
178 4403 244 4464 deut
270 4403 400 4485 ipsorum
427 4401 625 4484 petulantiam.
664 4397 765 4483 Neque
789 4420 865 4464 cnrnr
884 4404 1037 4494 verisimile
1055 4409 1099 4466 est
1117 4405 1158 4464 sic
1176 4403 1314 4485 loquutus
