<?xml version="1.0" encoding="UTF-8"?>
<!DOCTYPE html PUBLIC "-//W3C//DTD XHTML 1.0 Transitional//EN"
    "http://www.w3.org/TR/xhtml1/DTD/xhtml1-transitional.dtd">
<html xmlns="http://www.w3.org/1999/xhtml" xml:lang="en" lang="en">
 <head>
  <title>
</title>
<meta http-equiv="Content-Type" content="text/html;charset=utf-8" />
  <meta name='ocr-system' content='tesseract 3.04.00' />
  <meta name='ocr-capabilities' content='ocr_page ocr_carea ocr_par ocr_line ocrx_word'/>
</head>
<body>
  <div class='ocr_page' id='page_1' title='image "./ioanniscalvinii04tholgoog_0049.png"; bbox 0 0 2862 4888; ppageno 0'>
   <div class='ocr_carea' id='block_1_1' title="bbox 165 209 878 302">
    <p class='ocr_par' dir='ltr' id='par_1_1' title="bbox 165 209 878 302">
     <span class='ocr_line' id='line_1_1' title="bbox 165 209 878 302; baseline -0.003 -16"><span class='ocrx_word' id='word_1_1' title='bbox 165 209 240 302; x_wconf 55' lang='grc' dir='ltr'><strong>4ο,ἱ</strong></span> <span class='ocrx_word' id='word_1_2' title='bbox 591 243 878 288; x_wconf 67' lang='lat' dir='ltr'><strong>autumnus</strong></span> 
     </span>
    </p>
   </div>
   <div class='ocr_carea' id='block_1_2' title="bbox 86 323 1416 1182">
    <p class='ocr_par' dir='ltr' id='par_1_2' title="bbox 86 323 1416 1182">
     <span class='ocr_line' id='line_1_2' title="bbox 166 323 1314 450; baseline -0.002 -22"><span class='ocrx_word' id='word_1_3' title='bbox 166 364 373 450; x_wconf 84' lang='lat' dir='ltr'><strong>gerent&#39;fulsse</strong></span> <span class='ocrx_word' id='word_1_4' title='bbox 392 365 490 428; x_wconf 86' lang='lat' dir='ltr'><strong>nescio</strong></span> <span class='ocrx_word' id='word_1_5' title='bbox 509 383 597 448; x_wconf 82' lang='lat' dir='ltr'><strong>quem</strong></span> <span class='ocrx_word' id='word_1_6' title='bbox 615 383 741 448; x_wconf 81' lang='lat' dir='ltr'><strong>magum,</strong></span> <span class='ocrx_word' id='word_1_7' title='bbox 760 373 862 449; x_wconf 82' lang='lat' dir='ltr'><strong>totque</strong></span> <span class='ocrx_word' id='word_1_8' title='bbox 875 369 1008 449; x_wconf 74' lang='lat' dir='ltr'><strong>portenta</strong></span> <span class='ocrx_word' id='word_1_9' title='bbox 1026 323 1314 428; x_wconf 72' lang='lat' dir='ltr'><strong>mnmtruoumsur</strong></span> 
     </span>
     <span class='ocr_line' id='line_1_3' title="bbox 168 444 1314 592; baseline -0.003 -84"><span class='ocrx_word' id='word_1_10' title='bbox 168 466 243 529; x_wconf 87' lang='lat' dir='ltr'><strong>quae</strong></span> <span class='ocrx_word' id='word_1_11' title='bbox 268 445 382 526; x_wconf 81' lang='lat' dir='ltr'><strong>collegit</strong></span> <span class='ocrx_word' id='word_1_12' title='bbox 401 445 540 542; x_wconf 71' lang='lat' dir='ltr'><strong>loseghus</strong></span> <span class='ocrx_word' id='word_1_13' title='bbox 565 447 863 588; x_wconf 48' lang='lat' dir='ltr'><strong>conhaqlllgrpgoffier</strong></span> <span class='ocrx_word' id='word_1_14' title='bbox 887 444 1236 588; x_wconf 49' lang='lat' dir='ltr'><strong>argileguzdocdalrgafflom</strong></span> <span class='ocrx_word' id='word_1_15' title='bbox 1246 464 1314 592; x_wconf 50' lang='lat' dir='ltr'><strong>gg:</strong></span> 
     </span>
     <span class='ocr_line' id='line_1_4' title="bbox 167 524 1314 748; baseline -0.003 -81"><span class='ocrx_word' id='word_1_16' title='bbox 167 524 779 748; x_wconf 52' lang='lat' dir='ltr'><strong>{lillillil&#39;is‘hi&#39;i‘ill‘lttrni</strong></span> <span class='ocrx_word' id='word_1_17' title='bbox 789 625 861 704; x_wconf 37' lang='lat' dir='ltr'><strong>‚nn</strong></span> <span class='ocrx_word' id='word_1_18' title='bbox 880 605 982 702; x_wconf 57' lang='lat' dir='ltr'><strong>aqam</strong></span> <span class='ocrx_word' id='word_1_19' title='bbox 1003 623 1094 686; x_wconf 71' lang='lat' dir='ltr'><strong>quam</strong></span> <span class='ocrx_word' id='word_1_20' title='bbox 1120 602 1173 666; x_wconf 75' lang='lat' dir='ltr'><strong>nur</strong></span> <span class='ocrx_word' id='word_1_21' title='bbox 1197 611 1229 666; x_wconf 75' lang='lat' dir='ltr'><strong>er</strong></span> <span class='ocrx_word' id='word_1_22' title='bbox 1246 604 1314 702; x_wconf 70' lang='lat' dir='ltr'><strong>aas</strong></span> 
     </span>
     <span class='ocr_line' id='line_1_5' title="bbox 119 683 1313 846; baseline -0.003 -18"><span class='ocrx_word' id='word_1_23' title='bbox 119 759 126 766; x_wconf 89' lang='lat'><em>·</em></span> <span class='ocrx_word' id='word_1_24' title='bbox 171 683 594 830; x_wconf 60' lang='lat' dir='ltr'><strong>,ttrltttltttttttt</strong></span> <span class='ocrx_word' id='word_1_25' title='bbox 616 704 678 826; x_wconf 69' lang='lat' dir='ltr'><strong>t?</strong></span> <span class='ocrx_word' id='word_1_26' title='bbox 685 692 1035 846; x_wconf 47' lang='lat' dir='ltr'><strong>sigillabili?</strong></span> <span class='ocrx_word' id='word_1_27' title='bbox 1054 685 1313 827; x_wconf 50' lang='lat' dir='ltr'><strong>millai</strong></span> 
     </span>
     <span class='ocr_line' id='line_1_6' title="bbox 169 839 1416 941; baseline -0.004 -33"><span class='ocrx_word' id='word_1_28' title='bbox 169 845 317 927; x_wconf 82' lang='lat' dir='ltr'><strong>taphoricc</strong></span> <span class='ocrx_word' id='word_1_29' title='bbox 336 844 383 906; x_wconf 91' lang='lat' dir='ltr'><strong>hic</strong></span> <span class='ocrx_word' id='word_1_30' title='bbox 401 845 551 940; x_wconf 45' lang='lat' dir='ltr'><strong>accipitur·</strong></span> <span class='ocrx_word' id='word_1_31' title='bbox 559 864 613 927; x_wconf 82' lang='lat' dir='ltr'><strong>pro</strong></span> <span class='ocrx_word' id='word_1_32' title='bbox 632 845 734 927; x_wconf 84' lang='lat' dir='ltr'><strong>insigni</strong></span> <span class='ocrx_word' id='word_1_33' title='bbox 752 852 783 908; x_wconf 91' lang='lat' dir='ltr'><strong>et</strong></span> <span class='ocrx_word' id='word_1_34' title='bbox 800 843 1209 941; x_wconf 29' lang='lat' dir='ltr'><strong>memorabiliuvirtutor&#39;quie</strong></span> <span class='ocrx_word' id='word_1_35' title='bbox 1227 839 1313 938; x_wconf 60' lang='lat' dir='ltr'><strong>Dens</strong></span> <span class='ocrx_word' id='word_1_36' title='bbox 1415 851 1416 896; x_wconf 77' lang='lat' dir='ltr'><strong>t</strong></span> 
     </span>
     <span class='ocr_line' id='line_1_7' title="bbox 86 922 1315 1082; baseline -0.003 -16"><span class='ocrx_word' id='word_1_37' title='bbox 86 1029 91 1042; x_wconf 84' lang='lat'><strong>·</strong></span> <span class='ocrx_word' id='word_1_38' title='bbox 157 923 560 1067; x_wconf 42' lang='lat' dir='ltr'><strong>:ttttlhtwht</strong></span> <span class='ocrx_word' id='word_1_39' title='bbox 580 925 669 1066; x_wconf 72' lang='lat' dir='ltr'><strong>ttt</strong></span> <span class='ocrx_word' id='word_1_40' title='bbox 694 925 846 1066; x_wconf 59' lang='lat' dir='ltr'><strong>filli</strong></span> <span class='ocrx_word' id='word_1_41' title='bbox 863 922 1315 1082; x_wconf 46' lang='lat' dir='ltr'><strong>ttttlbdtsrlttt</strong></span> 
     </span>
     <span class='ocr_line' id='line_1_8' title="bbox 151 1027 1315 1182; baseline -0.003 -36"><span class='ocrx_word' id='word_1_42' title='bbox 151 1061 223 1146; x_wconf 60' lang='lat' dir='ltr'><strong>‘cur</strong></span> <span class='ocrx_word' id='word_1_43' title='bbox 241 1083 305 1146; x_wconf 89' lang='lat' dir='ltr'><strong>illos</strong></span> <span class='ocrx_word' id='word_1_44' title='bbox 324 1081 405 1146; x_wconf 82' lang='lat' dir='ltr'><strong>Dens</strong></span> <span class='ocrx_word' id='word_1_45' title='bbox 423 1083 453 1144; x_wconf 89' lang='lat' dir='ltr'><strong>in</strong></span> <span class='ocrx_word' id='word_1_46' title='bbox 472 1104 511 1165; x_wconf 87' lang='lat' dir='ltr'><strong>po</strong></span> <span class='ocrx_word' id='word_1_47' title='bbox 534 1083 581 1146; x_wconf 92' lang='lat' dir='ltr'><strong>ulo</strong></span> <span class='ocrx_word' id='word_1_48' title='bbox 592 1027 928 1182; x_wconf 65' lang='lat' dir='ltr'><strong>succenseantpnemgs</strong></span> <span class='ocrx_word' id='word_1_49' title='bbox 942 1046 1075 1164; x_wconf 75' lang='lat' dir='ltr'><strong>rcspcbtu</strong></span> <span class='ocrx_word' id='word_1_50' title='bbox 1093 1081 1215 1144; x_wconf 84' lang='lat' dir='ltr'><strong>foederis</strong></span> <span class='ocrx_word' id='word_1_51' title='bbox 1230 1079 1315 1162; x_wconf 87' lang='lat' dir='ltr'><strong>quod</strong></span> 
     </span>
    </p>
   </div>
   <div class='ocr_carea' id='block_1_3' title="bbox 48 1162 1316 1246">
    <p class='ocr_par' dir='ltr' id='par_1_3' title="bbox 48 1162 1316 1246">
     <span class='ocr_line' id='line_1_9' title="bbox 48 1162 1316 1246; baseline -0.003 -19"><span class='ocrx_word' id='word_1_52' title='bbox 48 1183 50 1202; x_wconf 79' lang='lat'><strong>¹</strong></span> <span class='ocrx_word' id='word_1_53' title='bbox 142 1183 237 1230; x_wconf 87' lang='lat' dir='ltr'><strong>.curn</strong></span> <span class='ocrx_word' id='word_1_54' title='bbox 256 1165 360 1225; x_wconf 73' lang='lat' dir='ltr'><strong>randis</strong></span> <span class='ocrx_word' id='word_1_55' title='bbox 379 1183 479 1226; x_wconf 87' lang='lat' dir='ltr'><strong>eorum</strong></span> <span class='ocrx_word' id='word_1_56' title='bbox 523 1162 631 1226; x_wconf 87' lang='lat' dir='ltr'><strong>atribns</strong></span> <span class='ocrx_word' id='word_1_57' title='bbox 649 1183 687 1245; x_wconf 87' lang='lat' dir='ltr'><strong>pe</strong></span> <span class='ocrx_word' id='word_1_58' title='bbox 708 1166 805 1246; x_wconf 83' lang='lat' dir='ltr'><strong>igeret.</strong></span> <span class='ocrx_word' id='word_1_59' title='bbox 845 1163 906 1226; x_wconf 86' lang='lat' dir='ltr'><strong>Etsr</strong></span> <span class='ocrx_word' id='word_1_60' title='bbox 925 1171 1022 1226; x_wconf 81' lang='lat' dir='ltr'><strong>autem</strong></span> <span class='ocrx_word' id='word_1_61' title='bbox 1041 1162 1217 1238; x_wconf 74' lang='lat' dir='ltr'><strong>dueetribus</strong></span> <span class='ocrx_word' id='word_1_62' title='bbox 1236 1179 1316 1241; x_wconf 82' lang='lat' dir='ltr'><strong>quac</strong></span> 
     </span>
    </p>
   </div>
   <div class='ocr_carea' id='block_1_4' title="bbox 116 1241 1401 1567">
    <p class='ocr_par' dir='ltr' id='par_1_4' title="bbox 116 1241 1401 1567">
     <span class='ocr_line' id='line_1_10' title="bbox 169 1241 1401 1384; baseline -0.002 -80"><span class='ocrx_word' id='word_1_63' title='bbox 169 1243 335 1384; x_wconf 60' lang='lat' dir='ltr'><strong>grogeuitae</strong></span> <span class='ocrx_word' id='word_1_64' title='bbox 354 1241 469 1318; x_wconf 80' lang='lat' dir='ltr'><strong>fuerunt</strong></span> <span class='ocrx_word' id='word_1_65' title='bbox 493 1243 647 1342; x_wconf 73' lang='lat' dir='ltr'><strong>aduobus</strong></span> <span class='ocrx_word' id='word_1_66' title='bbox 713 1265 737 1306; x_wconf 84' lang='lat' dir='ltr'><strong>rs</strong></span> <span class='ocrx_word' id='word_1_67' title='bbox 754 1244 870 1327; x_wconf 83' lang='lat' dir='ltr'><strong>loseph,</strong></span> <span class='ocrx_word' id='word_1_68' title='bbox 896 1249 1077 1305; x_wconf 76' lang='lat' dir='ltr'><strong>communem</strong></span> <span class='ocrx_word' id='word_1_69' title='bbox 1097 1243 1235 1338; x_wconf 80' lang='lat' dir='ltr'><strong>originem</strong></span> <span class='ocrx_word' id='word_1_70' title='bbox 1254 1247 1313 1336; x_wconf 73' lang='lat' dir='ltr'><strong>tra·</strong></span> <span class='ocrx_word' id='word_1_71' title='bbox 1398 1247 1401 1252; x_wconf 73' lang='grc'>“</span> 
     </span>
     <span class='ocr_line' id='line_1_11' title="bbox 116 1321 1315 1492; baseline 0.005 -28"><span class='ocrx_word' id='word_1_72' title='bbox 116 1485 118 1492; x_wconf 7' lang='lat' dir='ltr'><strong>g</strong></span> <span class='ocrx_word' id='word_1_73' title='bbox 171 1323 315 1486; x_wconf 62' lang='lat' dir='ltr'><strong>,titt</strong></span> <span class='ocrx_word' id='word_1_74' title='bbox 325 1321 1315 1496; x_wconf 50' lang='lat' dir='ltr'><strong>itislttttlttttt”tttltdttttttttff</strong></span> 
     </span>
     <span class='ocr_line' id='line_1_12' title="bbox 250 1481 1315 1567; baseline -0.007 -19"><span class='ocrx_word' id='word_1_75' title='bbox 250 1483 298 1548; x_wconf 87' lang='lat'><strong>17.</strong></span> <span class='ocrx_word' id='word_1_76' title='bbox 324 1485 468 1546; x_wconf 78' lang='lat' dir='ltr'><strong>Viderunt</strong></span> <span class='ocrx_word' id='word_1_77' title='bbox 488 1494 518 1544; x_wconf 78' lang='lat' dir='ltr'><strong>te</strong></span> <span class='ocrx_word' id='word_1_78' title='bbox 535 1507 639 1567; x_wconf 73' lang='lat' dir='ltr'><strong>oquae.</strong></span> <span class='ocrx_word' id='word_1_79' title='bbox 679 1483 815 1549; x_wconf 84' lang='lat' dir='ltr'><strong>Miracula</strong></span> <span class='ocrx_word' id='word_1_80' title='bbox 835 1483 975 1565; x_wconf 79' lang='lat' dir='ltr'><strong>quaedam</strong></span> <span class='ocrx_word' id='word_1_81' title='bbox 995 1482 1118 1543; x_wconf 86' lang='lat' dir='ltr'><strong>breviter</strong></span> <span class='ocrx_word' id='word_1_82' title='bbox 1138 1481 1262 1561; x_wconf 85' lang='lat' dir='ltr'><strong>attingit,</strong></span> <span class='ocrx_word' id='word_1_83' title='bbox 1281 1499 1315 1548; x_wconf 88' lang='lat' dir='ltr'><strong>rn</strong></span> 
     </span>
    </p>
   </div>
   <div class='ocr_carea' id='block_1_5' title="bbox 171 1560 1416 1644">
    <p class='ocr_par' dir='ltr' id='par_1_5' title="bbox 171 1560 1416 1644">
     <span class='ocr_line' id='line_1_13' title="bbox 171 1560 1416 1644; baseline -0.005 -20"><span class='ocrx_word' id='word_1_84' title='bbox 171 1561 274 1644; x_wconf 85' lang='lat' dir='ltr'><strong>quibus</strong></span> <span class='ocrx_word' id='word_1_85' title='bbox 300 1560 448 1630; x_wconf 80' lang='lat' dir='ltr'>brachium</span> <span class='ocrx_word' id='word_1_86' title='bbox 473 1583 559 1625; x_wconf 87' lang='lat' dir='ltr'><strong>sunm</strong></span> <span class='ocrx_word' id='word_1_87' title='bbox 583 1561 665 1625; x_wconf 80' lang='lat' dir='ltr'><strong>Deus</strong></span> <span class='ocrx_word' id='word_1_88' title='bbox 689 1563 861 1626; x_wconf 77' lang='lat' dir='ltr'><strong>ostenderat.</strong></span> <span class='ocrx_word' id='word_1_89' title='bbox 898 1563 1032 1644; x_wconf 85' lang='lat' dir='ltr'><strong>Figurate</strong></span> <span class='ocrx_word' id='word_1_90' title='bbox 1056 1569 1153 1624; x_wconf 86' lang='lat' dir='ltr'><strong>autem</strong></span> <span class='ocrx_word' id='word_1_91' title='bbox 1177 1560 1245 1622; x_wconf 86' lang='lat' dir='ltr'><strong>dicit</strong></span> <span class='ocrx_word' id='word_1_92' title='bbox 1270 1560 1314 1620; x_wconf 82' lang='lat' dir='ltr'><strong>vi·</strong></span> <span class='ocrx_word' id='word_1_93' title='bbox 1415 1599 1416 1602; x_wconf 19' lang='grc' dir='ltr'><strong>κ</strong></span> 
     </span>
    </p>
   </div>
   <div class='ocr_carea' id='block_1_6' title="bbox 170 1635 1314 1806">
    <p class='ocr_par' dir='ltr' id='par_1_6' title="bbox 170 1635 1314 1806">
     <span class='ocr_line' id='line_1_14' title="bbox 171 1635 1314 1725; baseline 0.002 -23"><span class='ocrx_word' id='word_1_94' title='bbox 171 1662 235 1704; x_wconf 88' lang='lat' dir='ltr'><strong>anm</strong></span> <span class='ocrx_word' id='word_1_95' title='bbox 255 1641 342 1704; x_wconf 85' lang='lat' dir='ltr'><strong>fuisse</strong></span> <span class='ocrx_word' id='word_1_96' title='bbox 362 1640 458 1704; x_wconf 88' lang='lat' dir='ltr'><strong>Deum</strong></span> <span class='ocrx_word' id='word_1_97' title='bbox 477 1641 513 1704; x_wconf 92' lang='lat' dir='ltr'><strong>ab</strong></span> <span class='ocrx_word' id='word_1_98' title='bbox 532 1644 624 1724; x_wconf 80' lang='lat' dir='ltr'><strong>aquis,</strong></span> <span class='ocrx_word' id='word_1_99' title='bbox 643 1635 839 1725; x_wconf 69' lang='lat' dir='ltr'><strong>qnod&#39;seilieet</strong></span> <span class='ocrx_word' id='word_1_100' title='bbox 847 1643 929 1704; x_wconf 78' lang='lat' dir='ltr'><strong>uelut</strong></span> <span class='ocrx_word' id='word_1_101' title='bbox 944 1661 1048 1704; x_wconf 88' lang='lat' dir='ltr'><strong>arcano</strong></span> <span class='ocrx_word' id='word_1_102' title='bbox 1058 1642 1194 1704; x_wconf 76' lang='lat' dir='ltr'><strong>melincta</strong></span> <span class='ocrx_word' id='word_1_103' title='bbox 1214 1645 1314 1704; x_wconf 84' lang='lat' dir='ltr'><strong>motae</strong></span> 
     </span>
     <span class='ocr_line' id='line_1_15' title="bbox 170 1717 1314 1806; baseline -0.003 -22"><span class='ocrx_word' id='word_1_104' title='bbox 170 1725 232 1784; x_wconf 89' lang='lat' dir='ltr'><strong>cius</strong></span> <span class='ocrx_word' id='word_1_105' title='bbox 250 1721 372 1804; x_wconf 85' lang='lat' dir='ltr'><strong>imperio</strong></span> <span class='ocrx_word' id='word_1_106' title='bbox 390 1717 538 1804; x_wconf 79' lang='lat' dir='ltr'><strong>paruerint</strong></span> <span class='ocrx_word' id='word_1_107' title='bbox 555 1723 592 1786; x_wconf 90' lang='lat' dir='ltr'><strong>ad</strong></span> <span class='ocrx_word' id='word_1_108' title='bbox 612 1723 739 1786; x_wconf 89' lang='lat' dir='ltr'><strong>dandum</strong></span> <span class='ocrx_word' id='word_1_109' title='bbox 758 1725 850 1784; x_wconf 86' lang='lat' dir='ltr'><strong>electo</strong></span> <span class='ocrx_word' id='word_1_110' title='bbox 876 1722 985 1806; x_wconf 83' lang='lat' dir='ltr'><strong>populo</strong></span> <span class='ocrx_word' id='word_1_111' title='bbox 1010 1724 1169 1792; x_wconf 70' lang='lat' dir='ltr'><strong>hanutum</strong></span> <span class='ocrx_word' id='word_1_112' title='bbox 1210 1717 1314 1801; x_wconf 80' lang='lat' dir='ltr'><strong>Neque</strong></span> 
     </span>
    </p>
   </div>
   <div class='ocr_carea' id='block_1_7' title="bbox 171 1799 1314 1957">
    <p class='ocr_par' dir='ltr' id='par_1_7' title="bbox 171 1799 1314 1957">
     <span class='ocr_line' id='line_1_16' title="bbox 171 1799 1314 1957; baseline -0.001 -96"><span class='ocrx_word' id='word_1_113' title='bbox 171 1821 250 1957; x_wconf 51' lang='lat' dir='ltr'><strong>effi</strong></span> <span class='ocrx_word' id='word_1_114' title='bbox 273 1802 321 1864; x_wconf 86' lang='lat' dir='ltr'><strong>rel</strong></span> <span class='ocrx_word' id='word_1_115' title='bbox 340 1799 421 1864; x_wconf 86' lang='lat' dir='ltr'><strong>blare</strong></span> <span class='ocrx_word' id='word_1_116' title='bbox 443 1803 492 1864; x_wconf 88' lang='lat' dir='ltr'><strong>vel</strong></span> <span class='ocrx_word' id='word_1_117' title='bbox 515 1801 645 1864; x_wconf 84' lang='lat' dir='ltr'><strong>lordonis</strong></span> <span class='ocrx_word' id='word_1_118' title='bbox 658 1809 773 1884; x_wconf 67' lang='lat' dir='ltr'><strong>„sponte</strong></span> <span class='ocrx_word' id='word_1_119' title='bbox 791 1802 928 1878; x_wconf 89' lang='lat' dir='ltr'><strong>cedendo,</strong></span> <span class='ocrx_word' id='word_1_120' title='bbox 951 1807 1084 1864; x_wconf 87' lang='lat' dir='ltr'><strong>naturam</strong></span> <span class='ocrx_word' id='word_1_121' title='bbox 1102 1819 1185 1862; x_wconf 87' lang='lat' dir='ltr'><strong>snam</strong></span> <span class='ocrx_word' id='word_1_122' title='bbox 1203 1805 1314 1862; x_wconf 86' lang='lat' dir='ltr'><strong>mutas·</strong></span> 
     </span>
    </p>
   </div>
   <div class='ocr_carea' id='block_1_8' title="bbox 170 1878 1416 2217">
    <p class='ocr_par' dir='ltr' id='par_1_8' title="bbox 170 1878 1416 2217">
     <span class='ocr_line' id='line_1_17' title="bbox 264 1878 1313 1964; baseline -0.001 -23"><span class='ocrx_word' id='word_1_123' title='bbox 264 1882 319 1942; x_wconf 90' lang='lat' dir='ltr'><strong>nisi</strong></span> <span class='ocrx_word' id='word_1_124' title='bbox 338 1887 493 1964; x_wconf 83' lang='lat' dir='ltr'><strong>utrumqne</strong></span> <span class='ocrx_word' id='word_1_125' title='bbox 501 1883 641 1964; x_wconf 85' lang='lat' dir='ltr'><strong>tetigisset</strong></span> <span class='ocrx_word' id='word_1_126' title='bbox 658 1886 802 1964; x_wconf 77' lang='lat' dir='ltr'><strong>potentiae</strong></span> <span class='ocrx_word' id='word_1_127' title='bbox 815 1881 874 1949; x_wconf 88' lang='lat' dir='ltr'><strong>Dei</strong></span> <span class='ocrx_word' id='word_1_128' title='bbox 892 1901 1007 1946; x_wconf 78' lang='lat' dir='ltr'><strong>senem:</strong></span> <span class='ocrx_word' id='word_1_129' title='bbox 1028 1901 1089 1944; x_wconf 89' lang='lat' dir='ltr'><strong>non</strong></span> <span class='ocrx_word' id='word_1_130' title='bbox 1107 1880 1187 1962; x_wconf 85' lang='lat' dir='ltr'><strong>quod</strong></span> <span class='ocrx_word' id='word_1_131' title='bbox 1203 1878 1313 1942; x_wconf 89' lang='lat' dir='ltr'><strong>iudicio</strong></span> 
     </span>
     <span class='ocr_line' id='line_1_18' title="bbox 170 1959 1316 2044; baseline 0.002 -24"><span class='ocrx_word' id='word_1_132' title='bbox 170 1963 220 2022; x_wconf 71' lang='lat' dir='ltr'><strong>rel</strong></span> <span class='ocrx_word' id='word_1_133' title='bbox 238 1959 423 2042; x_wconf 83' lang='lat' dir='ltr'><strong>intelligentia</strong></span> <span class='ocrx_word' id='word_1_134' title='bbox 447 1982 562 2024; x_wconf 89' lang='lat' dir='ltr'><strong>cursum</strong></span> <span class='ocrx_word' id='word_1_135' title='bbox 583 1964 758 2025; x_wconf 72' lang='lat' dir='ltr'><strong>reticuerint:</strong></span> <span class='ocrx_word' id='word_1_136' title='bbox 777 1964 914 2044; x_wconf 85' lang='lat' dir='ltr'><strong>sedquia</strong></span> <span class='ocrx_word' id='word_1_137' title='bbox 934 1963 964 2024; x_wconf 89' lang='lat' dir='ltr'><strong>in</strong></span> <span class='ocrx_word' id='word_1_138' title='bbox 983 1961 1035 2022; x_wconf 91' lang='lat' dir='ltr'><strong>illo</strong></span> <span class='ocrx_word' id='word_1_139' title='bbox 1053 1979 1170 2024; x_wconf 85' lang='lat' dir='ltr'><strong>recessu</strong></span> <span class='ocrx_word' id='word_1_140' title='bbox 1188 1960 1316 2022; x_wconf 84' lang='lat' dir='ltr'><strong>ostendit</strong></span> 
     </span>
     <span class='ocr_line' id='line_1_19' title="bbox 171 2040 1416 2122; baseline -0.001 -19"><span class='ocrx_word' id='word_1_141' title='bbox 171 2041 253 2103; x_wconf 89' lang='lat' dir='ltr'><strong>Deus</strong></span> <span class='ocrx_word' id='word_1_142' title='bbox 272 2048 385 2102; x_wconf 84' lang='lat' dir='ltr'><strong>mortua</strong></span> <span class='ocrx_word' id='word_1_143' title='bbox 406 2061 523 2122; x_wconf 87' lang='lat' dir='ltr'><strong>quoqne</strong></span> <span class='ocrx_word' id='word_1_144' title='bbox 542 2043 682 2104; x_wconf 87' lang='lat' dir='ltr'><strong>clementa</strong></span> <span class='ocrx_word' id='word_1_145' title='bbox 700 2043 753 2104; x_wconf 88' lang='lat' dir='ltr'><strong>sibi</strong></span> <span class='ocrx_word' id='word_1_146' title='bbox 767 2043 805 2104; x_wconf 88' lang='lat' dir='ltr'><strong>ad</strong></span> <span class='ocrx_word' id='word_1_147' title='bbox 820 2042 997 2106; x_wconf 87' lang='lat' dir='ltr'><strong>reddendum</strong></span> <span class='ocrx_word' id='word_1_148' title='bbox 1007 2040 1044 2102; x_wconf 95' lang='lat' dir='ltr'><strong>ob</strong></span> <span class='ocrx_word' id='word_1_149' title='bbox 1117 2042 1176 2103; x_wconf 81' lang='lat' dir='ltr'><strong>&#39;uns</strong></span> <span class='ocrx_word' id='word_1_150' title='bbox 1196 2046 1313 2121; x_wconf 83' lang='lat' dir='ltr'><strong>praesto</strong></span> <span class='ocrx_word' id='word_1_151' title='bbox 1415 2065 1416 2068; x_wconf 42' lang='lat'>¹</span> 
     </span>
     <span class='ocr_line' id='line_1_20' title="bbox 172 2060 1314 2217; baseline -0.002 -37"><span class='ocrx_word' id='word_1_152' title='bbox 172 2141 243 2184; x_wconf 83' lang='lat' dir='ltr'><strong>esse.</strong></span> <span class='ocrx_word' id='word_1_153' title='bbox 283 2117 388 2180; x_wconf 84' lang='lat' dir='ltr'><strong>Subest</strong></span> <span class='ocrx_word' id='word_1_154' title='bbox 407 2127 505 2183; x_wconf 88' lang='lat' dir='ltr'><strong>autem</strong></span> <span class='ocrx_word' id='word_1_155' title='bbox 523 2121 639 2202; x_wconf 87' lang='lat' dir='ltr'><strong>obliqua</strong></span> <span class='ocrx_word' id='word_1_156' title='bbox 659 2107 808 2184; x_wconf 72' lang='lat' dir='ltr'><strong>huhthesis</strong></span> <span class='ocrx_word' id='word_1_157' title='bbox 827 2122 864 2184; x_wconf 89' lang='lat' dir='ltr'><strong>ad</strong></span> <span class='ocrx_word' id='word_1_158' title='bbox 878 2060 1233 2217; x_wconf 54' lang='lat' dir='ltr'><strong>pmgmduffminm</strong></span> <span class='ocrx_word' id='word_1_159' title='bbox 1253 2126 1314 2179; x_wconf 91' lang='lat' dir='ltr'><strong>stu·</strong></span> 
     </span>
    </p>
   </div>
   <div class='ocr_carea' id='block_1_9' title="bbox 172 2196 1315 2284">
    <p class='ocr_par' dir='ltr' id='par_1_9' title="bbox 172 2196 1315 2284">
     <span class='ocr_line' id='line_1_21' title="bbox 172 2196 1315 2284; baseline 0 -24"><span class='ocrx_word' id='word_1_160' title='bbox 172 2220 283 2282; x_wconf 86' lang='lat' dir='ltr'><strong>parem,</strong></span> <span class='ocrx_word' id='word_1_161' title='bbox 302 2201 356 2260; x_wconf 88' lang='lat' dir='ltr'><strong>nisi</strong></span> <span class='ocrx_word' id='word_1_162' title='bbox 377 2198 432 2262; x_wconf 90' lang='lat' dir='ltr'><strong>Dei</strong></span> <span class='ocrx_word' id='word_1_163' title='bbox 452 2203 651 2282; x_wconf 83' lang='lat' dir='ltr'><strong>praesentiam,</strong></span> <span class='ocrx_word' id='word_1_164' title='bbox 676 2221 749 2283; x_wconf 83' lang='lat' dir='ltr'><strong>quoe</strong></span> <span class='ocrx_word' id='word_1_165' title='bbox 768 2204 851 2284; x_wconf 81' lang='lat' dir='ltr'><strong>aquis</strong></span> <span class='ocrx_word' id='word_1_166' title='bbox 870 2196 989 2262; x_wconf 81' lang='lat' dir='ltr'><strong>visibrhs</strong></span> <span class='ocrx_word' id='word_1_167' title='bbox 1008 2200 1072 2275; x_wconf 86' lang='lat' dir='ltr'><strong>fuit,</strong></span> <span class='ocrx_word' id='word_1_168' title='bbox 1097 2201 1128 2262; x_wconf 88' lang='lat' dir='ltr'><strong>tn</strong></span> <span class='ocrx_word' id='word_1_169' title='bbox 1146 2199 1315 2260; x_wconf 76' lang='lat' dir='ltr'><strong>liberatione</strong></span> 
     </span>
    </p>
   </div>
   <div class='ocr_carea' id='block_1_10' title="bbox 125 2279 1416 2444">
    <p class='ocr_par' dir='ltr' id='par_1_10' title="bbox 125 2279 1416 2444">
     <span class='ocr_line' id='line_1_22' title="bbox 173 2279 1416 2376; baseline -0.001 -36"><span class='ocrx_word' id='word_1_170' title='bbox 173 2281 274 2375; x_wconf 76' lang='lat' dir='ltr'><strong>populi</strong></span> <span class='ocrx_word' id='word_1_171' title='bbox 298 2287 462 2360; x_wconf 86' lang='lat' dir='ltr'><strong>agnoscant.</strong></span> <span class='ocrx_word' id='word_1_172' title='bbox 503 2279 592 2359; x_wconf 84' lang='lat' dir='ltr'><strong>Quod</strong></span> <span class='ocrx_word' id='word_1_173' title='bbox 616 2281 730 2342; x_wconf 79' lang='lat' dir='ltr'><strong>additur</strong></span> <span class='ocrx_word' id='word_1_174' title='bbox 754 2282 791 2345; x_wconf 90' lang='lat' dir='ltr'><strong>de</strong></span> <span class='ocrx_word' id='word_1_175' title='bbox 809 2285 936 2364; x_wconf 56' lang='lat' dir='ltr'><strong>nigram</strong></span> <span class='ocrx_word' id='word_1_176' title='bbox 960 2280 1129 2376; x_wconf 75' lang='lat' dir='ltr'><strong>tantundem</strong></span> <span class='ocrx_word' id='word_1_177' title='bbox 1154 2279 1230 2340; x_wconf 83' lang='lat' dir='ltr'><strong>velet</strong></span> <span class='ocrx_word' id='word_1_178' title='bbox 1253 2279 1316 2374; x_wconf 69' lang='lat' dir='ltr'><strong>ami</strong></span> <span class='ocrx_word' id='word_1_179' title='bbox 1415 2311 1416 2326; x_wconf 34' lang='grc' dir='ltr'><strong>κ</strong></span> 
     </span>
     <span class='ocr_line' id='line_1_23' title="bbox 125 2357 1416 2444; baseline 0.003 -29"><span class='ocrx_word' id='word_1_180' title='bbox 125 2389 133 2414; x_wconf 69' lang='lat' dir='ltr'><strong>r</strong></span> <span class='ocrx_word' id='word_1_181' title='bbox 159 2361 282 2420; x_wconf 60' lang='lat' dir='ltr'><strong>«drotum</strong></span> <span class='ocrx_word' id='word_1_182' title='bbox 301 2367 385 2434; x_wconf 81' lang='lat' dir='ltr'><strong>esset,</strong></span> <span class='ocrx_word' id='word_1_183' title='bbox 410 2379 469 2422; x_wconf 88' lang='lat' dir='ltr'><strong>non</strong></span> <span class='ocrx_word' id='word_1_184' title='bbox 493 2363 581 2422; x_wconf 89' lang='lat' dir='ltr'><strong>modo</strong></span> <span class='ocrx_word' id='word_1_185' title='bbox 606 2361 785 2444; x_wconf 85' lang='lat' dir='ltr'><strong>superficiem</strong></span> <span class='ocrx_word' id='word_1_186' title='bbox 809 2381 950 2443; x_wconf 85' lang='lat' dir='ltr'><strong>aquarum</strong></span> <span class='ocrx_word' id='word_1_187' title='bbox 970 2359 1026 2421; x_wconf 89' lang='lat' dir='ltr'><strong>Der</strong></span> <span class='ocrx_word' id='word_1_188' title='bbox 1051 2357 1314 2442; x_wconf 83' lang='lat' dir='ltr'><strong>conspectu‘fursse</strong></span> <span class='ocrx_word' id='word_1_189' title='bbox 1415 2375 1416 2380; x_wconf 72' lang='grc'>’</span> 
     </span>
    </p>
   </div>
   <div class='ocr_carea' id='block_1_11' title="bbox 112 2438 1316 3081">
    <p class='ocr_par' dir='ltr' id='par_1_11' title="bbox 141 2438 1313 2523">
     <span class='ocr_line' id='line_1_24' title="bbox 141 2438 1313 2523; baseline 0 -23"><span class='ocrx_word' id='word_1_190' title='bbox 141 2493 145 2510; x_wconf 92' lang='grc'>,</span> <span class='ocrx_word' id='word_1_191' title='bbox 172 2438 343 2523; x_wconf 84' lang='lat' dir='ltr'><strong>perculsam,</strong></span> <span class='ocrx_word' id='word_1_192' title='bbox 363 2439 414 2500; x_wconf 87' lang='lat' dir='ltr'><strong>sed</strong></span> <span class='ocrx_word' id='word_1_193' title='bbox 433 2441 492 2502; x_wconf 86' lang='lat' dir='ltr'><strong>vim</strong></span> <span class='ocrx_word' id='word_1_194' title='bbox 511 2441 573 2502; x_wconf 86' lang='lat' dir='ltr'><strong>eius</strong></span> <span class='ocrx_word' id='word_1_195' title='bbox 592 2442 630 2501; x_wconf 88' lang='lat' dir='ltr'><strong>ad</strong></span> <span class='ocrx_word' id='word_1_196' title='bbox 649 2441 981 2522; x_wconf 85' lang='lat' dir='ltr'><strong>profundissimosetiam</strong></span> <span class='ocrx_word' id='word_1_197' title='bbox 996 2442 1122 2522; x_wconf 76' lang='lat' dir='ltr'><strong>gurgites</strong></span> <span class='ocrx_word' id='word_1_198' title='bbox 1141 2445 1313 2520; x_wconf 84' lang='lat' dir='ltr'><strong>penetrasse.</strong></span> 
     </span>
    </p>

    <p class='ocr_par' dir='ltr' id='par_1_12' title="bbox 112 2519 1316 3081">
     <span class='ocr_line' id='line_1_25' title="bbox 255 2519 1314 2604; baseline -0.007 -20"><span class='ocrx_word' id='word_1_199' title='bbox 255 2524 303 2584; x_wconf 84' lang='lat'><strong>18.</strong></span> <span class='ocrx_word' id='word_1_200' title='bbox 322 2523 488 2582; x_wconf 79' lang='lat' dir='ltr'><strong>Exondore</strong></span> <span class='ocrx_word' id='word_1_201' title='bbox 497 2525 649 2604; x_wconf 78' lang='lat' dir='ltr'><strong>feceruut.</strong></span> <span class='ocrx_word' id='word_1_202' title='bbox 691 2519 769 2598; x_wconf 87' lang='lat' dir='ltr'><strong>Quia</strong></span> <span class='ocrx_word' id='word_1_203' title='bbox 787 2541 893 2582; x_wconf 86' lang='lat' dir='ltr'><strong>nomon</strong></span> <span class='ocrx_word' id='word_1_204' title='bbox 912 2523 984 2588; x_wconf 64' lang='lat' dir='ltr'><strong>nit)</strong></span> <span class='ocrx_word' id='word_1_205' title='bbox 1003 2539 1064 2581; x_wconf 90' lang='lat' dir='ltr'><strong>non</strong></span> <span class='ocrx_word' id='word_1_206' title='bbox 1082 2525 1176 2601; x_wconf 86' lang='lat' dir='ltr'><strong>potest</strong></span> <span class='ocrx_word' id='word_1_207' title='bbox 1194 2519 1225 2578; x_wconf 88' lang='lat' dir='ltr'><strong>in</strong></span> <span class='ocrx_word' id='word_1_208' title='bbox 1244 2537 1314 2578; x_wconf 90' lang='lat' dir='ltr'><strong>con-</strong></span> 
     </span>
     <span class='ocr_line' id='line_1_26' title="bbox 174 2597 1316 2682; baseline -0.002 -20"><span class='ocrx_word' id='word_1_209' title='bbox 174 2602 332 2662; x_wconf 85' lang='lat' dir='ltr'><strong>structione</strong></span> <span class='ocrx_word' id='word_1_210' title='bbox 357 2601 461 2680; x_wconf 86' lang='lat' dir='ltr'><strong>accipi,</strong></span> <span class='ocrx_word' id='word_1_211' title='bbox 485 2601 605 2660; x_wconf 89' lang='lat' dir='ltr'><strong>verbum</strong></span> <span class='ocrx_word' id='word_1_212' title='bbox 632 2602 776 2662; x_wconf 80' lang='lat' dir='ltr'><strong>transitive</strong></span> <span class='ocrx_word' id='word_1_213' title='bbox 802 2601 928 2682; x_wconf 88' lang='lat' dir='ltr'><strong>positum</strong></span> <span class='ocrx_word' id='word_1_214' title='bbox 951 2619 1014 2662; x_wconf 87' lang='lat' dir='ltr'><strong>esse</strong></span> <span class='ocrx_word' id='word_1_215' title='bbox 1038 2619 1098 2662; x_wconf 89' lang='lat' dir='ltr'><strong>non</strong></span> <span class='ocrx_word' id='word_1_216' title='bbox 1122 2597 1234 2660; x_wconf 82' lang='lat' dir='ltr'><strong>dubito:</strong></span> <span class='ocrx_word' id='word_1_217' title='bbox 1259 2599 1316 2660; x_wconf 90' lang='lat' dir='ltr'><strong>etsi</strong></span> 
     </span>
     <span class='ocr_line' id='line_1_27' title="bbox 112 2677 1316 2762; baseline -0.001 -21"><span class='ocrx_word' id='word_1_218' title='bbox 112 2697 115 2704; x_wconf 87' lang='grc'><strong><em>’</em></strong></span> <span class='ocrx_word' id='word_1_219' title='bbox 174 2681 211 2742; x_wconf 89' lang='lat' dir='ltr'><strong>ad</strong></span> <span class='ocrx_word' id='word_1_220' title='bbox 232 2699 374 2740; x_wconf 88' lang='lat' dir='ltr'><strong>summam</strong></span> <span class='ocrx_word' id='word_1_221' title='bbox 394 2681 435 2739; x_wconf 90' lang='lat' dir='ltr'><strong>rei</strong></span> <span class='ocrx_word' id='word_1_222' title='bbox 456 2698 559 2760; x_wconf 86' lang='lat' dir='ltr'><strong>parum</strong></span> <span class='ocrx_word' id='word_1_223' title='bbox 578 2682 704 2749; x_wconf 81' lang='lat' dir='ltr'><strong>interest,</strong></span> <span class='ocrx_word' id='word_1_224' title='bbox 723 2701 816 2762; x_wconf 88' lang='lat' dir='ltr'><strong>neque</strong></span> <span class='ocrx_word' id='word_1_225' title='bbox 835 2681 913 2740; x_wconf 89' lang='lat' dir='ltr'><strong>onim</strong></span> <span class='ocrx_word' id='word_1_226' title='bbox 932 2679 1071 2740; x_wconf 81' lang='lat' dir='ltr'><strong>obscurus</strong></span> <span class='ocrx_word' id='word_1_227' title='bbox 1090 2685 1134 2742; x_wconf 84' lang='lat' dir='ltr'><strong>est</strong></span> <span class='ocrx_word' id='word_1_228' title='bbox 1152 2677 1209 2738; x_wconf 90' lang='lat' dir='ltr'><strong>Pro</strong></span> <span class='ocrx_word' id='word_1_229' title='bbox 1230 2677 1316 2740; x_wconf 80' lang='lat' dir='ltr'><strong>hene</strong></span> 
     </span>
     <span class='ocr_line' id='line_1_28' title="bbox 174 2758 1315 2840; baseline 0 -20"><span class='ocrx_word' id='word_1_230' title='bbox 174 2779 285 2834; x_wconf 86' lang='lat' dir='ltr'><strong>sensns,</strong></span> <span class='ocrx_word' id='word_1_231' title='bbox 309 2758 376 2820; x_wconf 91' lang='lat' dir='ltr'><strong>Non</strong></span> <span class='ocrx_word' id='word_1_232' title='bbox 400 2775 479 2820; x_wconf 88' lang='lat' dir='ltr'><strong>mare</strong></span> <span class='ocrx_word' id='word_1_233' title='bbox 503 2759 597 2840; x_wconf 87' lang='lat' dir='ltr'><strong>ipsum</strong></span> <span class='ocrx_word' id='word_1_234' title='bbox 622 2760 760 2821; x_wconf 89' lang='lat' dir='ltr'><strong>modoet</strong></span> <span class='ocrx_word' id='word_1_235' title='bbox 783 2760 903 2820; x_wconf 82' lang='lat' dir='ltr'><strong>fluvium</strong></span> <span class='ocrx_word' id='word_1_236' title='bbox 927 2758 1218 2840; x_wconf 33' lang='lat' dir='ltr'><strong>Iordanen.Deo„t&#39;</strong></span> <span class='ocrx_word' id='word_1_237' title='bbox 1240 2759 1315 2820; x_wconf 85' lang='lat' dir='ltr'><strong>uisse</strong></span> 
     </span>
     <span class='ocr_line' id='line_1_29' title="bbox 173 2837 1315 2922; baseline -0.003 -21"><span class='ocrx_word' id='word_1_238' title='bbox 173 2840 308 2901; x_wconf 87' lang='lat' dir='ltr'><strong>meritum</strong></span> <span class='ocrx_word' id='word_1_239' title='bbox 327 2837 475 2914; x_wconf 87' lang='lat' dir='ltr'><strong>honorem,</strong></span> <span class='ocrx_word' id='word_1_240' title='bbox 495 2838 546 2898; x_wconf 88' lang='lat' dir='ltr'><strong>sed</strong></span> <span class='ocrx_word' id='word_1_241' title='bbox 564 2858 654 2920; x_wconf 79' lang='lat' dir='ltr'><strong>aquas</strong></span> <span class='ocrx_word' id='word_1_242' title='bbox 674 2841 760 2900; x_wconf 87' lang='lat' dir='ltr'><strong>ctiam</strong></span> <span class='ocrx_word' id='word_1_243' title='bbox 778 2841 810 2900; x_wconf 90' lang='lat' dir='ltr'><strong>in</strong></span> <span class='ocrx_word' id='word_1_244' title='bbox 828 2837 950 2900; x_wconf 88' lang='lat' dir='ltr'><strong>nubibus</strong></span> <span class='ocrx_word' id='word_1_245' title='bbox 970 2839 1141 2922; x_wconf 84' lang='lat' dir='ltr'><strong>pendentes:</strong></span> <span class='ocrx_word' id='word_1_246' title='bbox 1160 2840 1230 2921; x_wconf 85' lang='lat' dir='ltr'><strong>qnia</strong></span> <span class='ocrx_word' id='word_1_247' title='bbox 1249 2857 1315 2898; x_wconf 92' lang='lat' dir='ltr'><strong>coe-</strong></span> 
     </span>
     <span class='ocr_line' id='line_1_30' title="bbox 173 2917 1313 3000; baseline 0 -20"><span class='ocrx_word' id='word_1_248' title='bbox 173 2921 236 2980; x_wconf 89' lang='lat' dir='ltr'><strong>lum</strong></span> <span class='ocrx_word' id='word_1_249' title='bbox 259 2919 370 2979; x_wconf 87' lang='lat' dir='ltr'><strong>tonitru</strong></span> <span class='ocrx_word' id='word_1_250' title='bbox 395 2937 574 2993; x_wconf 88' lang='lat' dir='ltr'><strong>concussum,</strong></span> <span class='ocrx_word' id='word_1_251' title='bbox 598 2919 692 3000; x_wconf 87' lang='lat' dir='ltr'><strong>largas</strong></span> <span class='ocrx_word' id='word_1_252' title='bbox 711 2920 823 3000; x_wconf 84' lang='lat' dir='ltr'><strong>pluvias</strong></span> <span class='ocrx_word' id='word_1_253' title='bbox 843 2917 952 2980; x_wconf 83' lang='lat' dir='ltr'><strong>effudit.</strong></span> <span class='ocrx_word' id='word_1_254' title='bbox 992 2918 1106 2980; x_wconf 88' lang='lat' dir='ltr'><strong>Docere</strong></span> <span class='ocrx_word' id='word_1_255' title='bbox 1124 2925 1222 2982; x_wconf 90' lang='lat' dir='ltr'><strong>autem</strong></span> <span class='ocrx_word' id='word_1_256' title='bbox 1240 2918 1313 2996; x_wconf 82' lang='lat' dir='ltr'><strong>vrrlt,</strong></span> 
     </span>
     <span class='ocr_line' id='line_1_31' title="bbox 121 2997 1315 3081; baseline 0.003 -25"><span class='ocrx_word' id='word_1_257' title='bbox 121 3051 126 3056; x_wconf 86' lang='lat'>.</span> <span class='ocrx_word' id='word_1_258' title='bbox 174 3015 348 3080; x_wconf 84' lang='lat' dir='ltr'><strong>quocunque</strong></span> <span class='ocrx_word' id='word_1_259' title='bbox 371 2997 501 3059; x_wconf 86' lang='lat' dir='ltr'><strong>homines</strong></span> <span class='ocrx_word' id='word_1_260' title='bbox 526 3005 640 3060; x_wconf 83' lang='lat' dir='ltr'><strong>vertant</strong></span> <span class='ocrx_word' id='word_1_261' title='bbox 666 2999 779 3076; x_wconf 88' lang='lat' dir='ltr'><strong>oculos,</strong></span> <span class='ocrx_word' id='word_1_262' title='bbox 805 2998 912 3081; x_wconf 88' lang='lat' dir='ltr'><strong>ubique</strong></span> <span class='ocrx_word' id='word_1_263' title='bbox 936 3011 1052 3062; x_wconf 81' lang='lat' dir='ltr'><strong>sursum</strong></span> <span class='ocrx_word' id='word_1_264' title='bbox 1076 3018 1110 3061; x_wconf 85' lang='lat' dir='ltr'><strong>ac</strong></span> <span class='ocrx_word' id='word_1_265' title='bbox 1137 2999 1315 3060; x_wconf 84' lang='lat' dir='ltr'><strong>deorsuma</strong></span> 
     </span>
    </p>
   </div>
   <div class='ocr_carea' id='block_1_12' title="bbox 173 3076 1416 3161">
    <p class='ocr_par' dir='ltr' id='par_1_13' title="bbox 173 3076 1416 3161">
     <span class='ocr_line' id='line_1_32' title="bbox 173 3076 1416 3161; baseline 0.001 -22"><span class='ocrx_word' id='word_1_266' title='bbox 173 3079 261 3140; x_wconf 87' lang='lat' dir='ltr'><strong>coelis</strong></span> <span class='ocrx_word' id='word_1_267' title='bbox 280 3097 373 3160; x_wconf 85' lang='lat' dir='ltr'><strong>usque</strong></span> <span class='ocrx_word' id='word_1_268' title='bbox 392 3076 427 3138; x_wconf 89' lang='lat' dir='ltr'><strong>ad</strong></span> <span class='ocrx_word' id='word_1_269' title='bbox 448 3076 567 3157; x_wconf 77' lang='lat' dir='ltr'><strong>abyssos</strong></span> <span class='ocrx_word' id='word_1_270' title='bbox 592 3080 623 3139; x_wconf 89' lang='lat' dir='ltr'><strong>in</strong></span> <span class='ocrx_word' id='word_1_271' title='bbox 642 3079 743 3161; x_wconf 74' lang='lat' dir='ltr'><strong>populi</strong></span> <span class='ocrx_word' id='word_1_272' title='bbox 766 3080 962 3160; x_wconf 85' lang='lat' dir='ltr'><strong>redemptione</strong></span> <span class='ocrx_word' id='word_1_273' title='bbox 979 3081 1120 3140; x_wconf 84' lang='lat' dir='ltr'><strong>illustrem</strong></span> <span class='ocrx_word' id='word_1_274' title='bbox 1138 3085 1238 3160; x_wconf 87' lang='lat' dir='ltr'><strong>petere</strong></span> <span class='ocrx_word' id='word_1_275' title='bbox 1256 3077 1316 3140; x_wconf 89' lang='lat' dir='ltr'><strong>Dei</strong></span> <span class='ocrx_word' id='word_1_276' title='bbox 1415 3145 1416 3152; x_wconf 9' lang='grc' dir='ltr'>χ</span> 
     </span>
    </p>
   </div>
   <div class='ocr_carea' id='block_1_13' title="bbox 173 3155 1317 3321">
    <p class='ocr_par' dir='ltr' id='par_1_14' title="bbox 173 3155 1317 3321">
     <span class='ocr_line' id='line_1_33' title="bbox 173 3155 1316 3300; baseline 0.002 -82"><span class='ocrx_word' id='word_1_277' title='bbox 173 3159 304 3300; x_wconf 77' lang='lat' dir='ltr'><strong>gloriam.</strong></span> <span class='ocrx_word' id='word_1_278' title='bbox 346 3155 439 3217; x_wconf 91' lang='lat' dir='ltr'><strong>Porro</strong></span> <span class='ocrx_word' id='word_1_279' title='bbox 458 3178 545 3238; x_wconf 86' lang='lat' dir='ltr'><strong>quam</strong></span> <span class='ocrx_word' id='word_1_280' title='bbox 565 3157 711 3226; x_wconf 82' lang='lat' dir='ltr'><strong>historiam</strong></span> <span class='ocrx_word' id='word_1_281' title='bbox 732 3159 868 3240; x_wconf 87' lang='lat' dir='ltr'><strong>designet,</strong></span> <span class='ocrx_word' id='word_1_282' title='bbox 887 3180 947 3220; x_wconf 88' lang='lat' dir='ltr'><strong>non</strong></span> <span class='ocrx_word' id='word_1_283' title='bbox 966 3161 1033 3221; x_wconf 87' lang='lat' dir='ltr'><strong>satis</strong></span> <span class='ocrx_word' id='word_1_284' title='bbox 1054 3165 1162 3220; x_wconf 89' lang='lat' dir='ltr'><strong>certum</strong></span> <span class='ocrx_word' id='word_1_285' title='bbox 1181 3165 1240 3218; x_wconf 86' lang='lat' dir='ltr'><strong>cst:</strong></span> <span class='ocrx_word' id='word_1_286' title='bbox 1260 3159 1316 3220; x_wconf 86' lang='lat' dir='ltr'><strong>nisi</strong></span> 
     </span>
     <span class='ocr_line' id='line_1_34' title="bbox 186 3236 1317 3321; baseline 0 -23"><span class='ocrx_word' id='word_1_287' title='bbox 186 3244 248 3298; x_wconf 87' lang='lat' dir='ltr'><strong>orte</strong></span> <span class='ocrx_word' id='word_1_288' title='bbox 268 3254 342 3318; x_wconf 78' lang='lat' dir='ltr'><strong>quae</strong></span> <span class='ocrx_word' id='word_1_289' title='bbox 361 3238 482 3298; x_wconf 87' lang='lat' dir='ltr'><strong>refertur</strong></span> <span class='ocrx_word' id='word_1_290' title='bbox 501 3236 596 3308; x_wconf 82' lang='lat' dir='ltr'><strong>Exodi</strong></span> <span class='ocrx_word' id='word_1_291' title='bbox 615 3259 678 3320; x_wconf 86' lang='lat' dir='ltr'><strong>cap.</strong></span> <span class='ocrx_word' id='word_1_292' title='bbox 699 3243 728 3314; x_wconf 88' lang='lat'><strong>9,</strong></span> <span class='ocrx_word' id='word_1_293' title='bbox 747 3243 796 3303; x_wconf 73' lang='lat'><strong>23.</strong></span> <span class='ocrx_word' id='word_1_294' title='bbox 821 3240 986 3321; x_wconf 80' lang='lat' dir='ltr'><strong>grandinem</strong></span> <span class='ocrx_word' id='word_1_295' title='bbox 1011 3239 1131 3306; x_wconf 84' lang='lat' dir='ltr'><strong>scilicet,</strong></span> <span class='ocrx_word' id='word_1_296' title='bbox 1155 3239 1265 3298; x_wconf 87' lang='lat' dir='ltr'><strong>tonitru</strong></span> <span class='ocrx_word' id='word_1_297' title='bbox 1285 3245 1317 3298; x_wconf 87' lang='lat' dir='ltr'><strong>ot</strong></span> 
     </span>
    </p>
   </div>
   <div class='ocr_carea' id='block_1_14' title="bbox 60 3317 1317 3414">
    <p class='ocr_par' dir='ltr' id='par_1_15' title="bbox 60 3317 1317 3414">
     <span class='ocr_line' id='line_1_35' title="bbox 60 3317 1317 3414; baseline -0.002 -34"><span class='ocrx_word' id='word_1_298' title='bbox 60 3334 64 3344; x_wconf 92' lang='grc'><strong><em>·</em></strong></span> <span class='ocrx_word' id='word_1_299' title='bbox 132 3359 136 3372; x_wconf 79' lang='lat'>·</span> <span class='ocrx_word' id='word_1_300' title='bbox 173 3317 303 3398; x_wconf 73' lang='lat' dir='ltr'><strong>fulgetris</strong></span> <span class='ocrx_word' id='word_1_301' title='bbox 323 3319 448 3391; x_wconf 82' lang='lat' dir='ltr'><strong>mistum,</strong></span> <span class='ocrx_word' id='word_1_302' title='bbox 469 3317 639 3380; x_wconf 89' lang='lat' dir='ltr'><strong>horrendam</strong></span> <span class='ocrx_word' id='word_1_303' title='bbox 659 3320 768 3380; x_wconf 85' lang='lat' dir='ltr'><strong>cladem</strong></span> <span class='ocrx_word' id='word_1_304' title='bbox 783 3319 935 3400; x_wconf 78' lang='lat' dir='ltr'><strong>Aegyptiis</strong></span> <span class='ocrx_word' id='word_1_305' title='bbox 952 3320 1090 3380; x_wconf 87' lang='lat' dir='ltr'><strong>intulisse.</strong></span> <span class='ocrx_word' id='word_1_306' title='bbox 1119 3317 1195 3378; x_wconf 87' lang='lat' dir='ltr'><strong>Nem</strong></span> <span class='ocrx_word' id='word_1_307' title='bbox 1214 3323 1245 3378; x_wconf 88' lang='lat' dir='ltr'><strong>et</strong></span> <span class='ocrx_word' id='word_1_308' title='bbox 1263 3338 1317 3414; x_wconf 73' lang='lat' dir='ltr'><strong>per</strong></span> 
     </span>
    </p>
   </div>
   <div class='ocr_carea' id='block_1_15' title="bbox 172 3397 1416 3619">
    <p class='ocr_par' dir='ltr' id='par_1_16' title="bbox 172 3397 1416 3619">
     <span class='ocr_line' id='line_1_36' title="bbox 174 3397 1316 3494; baseline -0.001 -36"><span class='ocrx_word' id='word_1_309' title='bbox 174 3407 306 3482; x_wconf 81' lang='lat' dir='ltr'><strong>sugtttns</strong></span> <span class='ocrx_word' id='word_1_310' title='bbox 327 3399 510 3460; x_wconf 79' lang='lat' dir='ltr'><strong>ambutantes</strong></span> <span class='ocrx_word' id='word_1_311' title='bbox 531 3418 590 3458; x_wconf 90' lang='lat' dir='ltr'><strong>non</strong></span> <span class='ocrx_word' id='word_1_312' title='bbox 610 3397 728 3460; x_wconf 90' lang='lat' dir='ltr'><strong>dubium</strong></span> <span class='ocrx_word' id='word_1_313' title='bbox 753 3406 795 3460; x_wconf 88' lang='lat' dir='ltr'><strong>cet</strong></span> <span class='ocrx_word' id='word_1_314' title='bbox 820 3401 890 3494; x_wconf 73' lang='lat' dir='ltr'><strong>quin</strong></span> <span class='ocrx_word' id='word_1_315' title='bbox 918 3399 1112 3480; x_wconf 83' lang='lat' dir='ltr'><strong>metaphorice</strong></span> <span class='ocrx_word' id='word_1_316' title='bbox 1135 3398 1254 3458; x_wconf 84' lang='lat' dir='ltr'><strong>fulmina</strong></span> <span class='ocrx_word' id='word_1_317' title='bbox 1279 3416 1316 3458; x_wconf 87' lang='lat' dir='ltr'><strong>sr-</strong></span> 
     </span>
     <span class='ocr_line' id='line_1_37' title="bbox 172 3475 1416 3619; baseline 0 -81"><span class='ocrx_word' id='word_1_318' title='bbox 172 3475 296 3619; x_wconf 65' lang='lat' dir='ltr'><strong>gunilieet.</strong></span> <span class='ocrx_word' id='word_1_319' title='bbox 328 3475 472 3539; x_wconf 84' lang='lat' dir='ltr'><strong>Cohaeret</strong></span> <span class='ocrx_word' id='word_1_320' title='bbox 490 3497 590 3538; x_wconf 85' lang='lat' dir='ltr'><strong>versus</strong></span> <span class='ocrx_word' id='word_1_321' title='bbox 610 3480 768 3559; x_wconf 81' lang='lat' dir='ltr'><strong>proximus,</strong></span> <span class='ocrx_word' id='word_1_322' title='bbox 789 3477 838 3538; x_wconf 83' lang='lat' dir='ltr'><strong>ubr</strong></span> <span class='ocrx_word' id='word_1_323' title='bbox 852 3479 920 3538; x_wconf 86' lang='lat' dir='ltr'><strong>dicit</strong></span> <span class='ocrx_word' id='word_1_324' title='bbox 937 3503 1036 3540; x_wconf 72' lang='lat' dir='ltr'><strong>nocero</strong></span> <span class='ocrx_word' id='word_1_325' title='bbox 1054 3487 1169 3540; x_wconf 66' lang='lat' dir='ltr'><strong>tostum</strong></span> <span class='ocrx_word' id='word_1_326' title='bbox 1188 3477 1316 3538; x_wconf 85' lang='lat' dir='ltr'><strong>auditam</strong></span> <span class='ocrx_word' id='word_1_327' title='bbox 1415 3495 1416 3498; x_wconf 72' lang='grc'>’</span> 
     </span>
    </p>
   </div>
   <div class='ocr_carea' id='block_1_16' title="bbox 14 3554 1416 3640">
    <p class='ocr_par' dir='ltr' id='par_1_17' title="bbox 14 3554 1416 3640">
     <span class='ocr_line' id='line_1_38' title="bbox 14 3554 1416 3640; baseline -0.001 -24"><span class='ocrx_word' id='word_1_328' title='bbox 14 3631 15 3640; x_wconf 16' lang='lat'>¹</span> <span class='ocrx_word' id='word_1_329' title='bbox 80 3620 85 3640; x_wconf 26' lang='lat' dir='ltr'>x</span> <span class='ocrx_word' id='word_1_330' title='bbox 206 3561 261 3618; x_wconf 84' lang='lat' dir='ltr'><strong>isse</strong></span> <span class='ocrx_word' id='word_1_331' title='bbox 280 3559 308 3617; x_wconf 90' lang='lat' dir='ltr'><strong>in</strong></span> <span class='ocrx_word' id='word_1_332' title='bbox 329 3557 459 3640; x_wconf 85' lang='lat' dir='ltr'><strong>sphaere,</strong></span> <span class='ocrx_word' id='word_1_333' title='bbox 483 3557 612 3618; x_wconf 82' lang='lat' dir='ltr'><strong>illuxisse</strong></span> <span class='ocrx_word' id='word_1_334' title='bbox 636 3555 749 3638; x_wconf 79' lang='lat' dir='ltr'><strong>fulgura</strong></span> <span class='ocrx_word' id='word_1_335' title='bbox 773 3558 836 3618; x_wconf 92' lang='lat' dir='ltr'><strong>orbi</strong></span> <span class='ocrx_word' id='word_1_336' title='bbox 859 3576 951 3637; x_wconf 87' lang='lat' dir='ltr'><strong>usque</strong></span> <span class='ocrx_word' id='word_1_337' title='bbox 974 3558 1011 3618; x_wconf 89' lang='lat' dir='ltr'><strong>ad</strong></span> <span class='ocrx_word' id='word_1_338' title='bbox 1036 3563 1128 3619; x_wconf 87' lang='lat' dir='ltr'><strong>tcrree</strong></span> <span class='ocrx_word' id='word_1_339' title='bbox 1151 3554 1315 3626; x_wconf 85' lang='lat' dir='ltr'><strong>concussio·</strong></span> <span class='ocrx_word' id='word_1_340' title='bbox 1415 3559 1416 3586; x_wconf 75' lang='lat'><em>³</em></span> 
     </span>
    </p>
   </div>
   <div class='ocr_carea' id='block_1_17' title="bbox 172 3636 1416 4126">
    <p class='ocr_par' dir='ltr' id='par_1_18' title="bbox 173 3636 1317 3878">
     <span class='ocr_line' id='line_1_39' title="bbox 173 3636 1317 3718; baseline -0.003 -18"><span class='ocrx_word' id='word_1_341' title='bbox 173 3657 248 3700; x_wconf 88' lang='lat' dir='ltr'><strong>nem.</strong></span> <span class='ocrx_word' id='word_1_342' title='bbox 288 3636 408 3700; x_wconf 85' lang='lat' dir='ltr'><strong>Summa</strong></span> <span class='ocrx_word' id='word_1_343' title='bbox 433 3636 491 3698; x_wconf 90' lang='lat' dir='ltr'><strong>buc</strong></span> <span class='ocrx_word' id='word_1_344' title='bbox 514 3637 614 3712; x_wconf 80' lang='lat' dir='ltr'><strong>tendit,</strong></span> <span class='ocrx_word' id='word_1_345' title='bbox 635 3640 705 3698; x_wconf 86' lang='lat' dir='ltr'><strong>satis</strong></span> <span class='ocrx_word' id='word_1_346' title='bbox 729 3657 761 3696; x_wconf 89' lang='lat' dir='ltr'><strong>su</strong></span> <span class='ocrx_word' id='word_1_347' title='bbox 782 3657 870 3718; x_wconf 88' lang='lat' dir='ltr'><strong>erquc</strong></span> <span class='ocrx_word' id='word_1_348' title='bbox 898 3639 929 3698; x_wconf 89' lang='lat' dir='ltr'><strong>in</strong></span> <span class='ocrx_word' id='word_1_349' title='bbox 949 3638 1033 3698; x_wconf 79' lang='lat' dir='ltr'><strong>exitu</strong></span> <span class='ocrx_word' id='word_1_350' title='bbox 1057 3637 1158 3718; x_wconf 86' lang='lat' dir='ltr'><strong>populi</strong></span> <span class='ocrx_word' id='word_1_351' title='bbox 1182 3643 1317 3697; x_wconf 83' lang='lat' dir='ltr'><strong>testatam</strong></span> 
     </span>
     <span class='ocr_line' id='line_1_40' title="bbox 174 3659 1317 3798; baseline -0.002 -20"><span class='ocrx_word' id='word_1_352' title='bbox 174 3717 264 3778; x_wconf 85' lang='lat' dir='ltr'><strong>fuisse</strong></span> <span class='ocrx_word' id='word_1_353' title='bbox 283 3715 340 3778; x_wconf 87' lang='lat' dir='ltr'><strong>Dei</strong></span> <span class='ocrx_word' id='word_1_354' title='bbox 360 3719 516 3798; x_wconf 85' lang='lat' dir='ltr'><strong>potentiam</strong></span> <span class='ocrx_word' id='word_1_355' title='bbox 536 3717 627 3776; x_wconf 91' lang='lat' dir='ltr'><strong>oculis</strong></span> <span class='ocrx_word' id='word_1_356' title='bbox 647 3723 676 3777; x_wconf 90' lang='lat' dir='ltr'><strong>et</strong></span> <span class='ocrx_word' id='word_1_357' title='bbox 695 3659 820 3794; x_wconf 65' lang='lat' dir='ltr'><strong>auribus,</strong></span> <span class='ocrx_word' id='word_1_358' title='bbox 839 3737 929 3798; x_wconf 86' lang='lat' dir='ltr'><strong>qaum</strong></span> <span class='ocrx_word' id='word_1_359' title='bbox 948 3725 979 3778; x_wconf 91' lang='lat' dir='ltr'><strong>et</strong></span> <span class='ocrx_word' id='word_1_360' title='bbox 997 3718 1111 3778; x_wconf 88' lang='lat' dir='ltr'><strong>coelum</strong></span> <span class='ocrx_word' id='word_1_361' title='bbox 1130 3717 1317 3798; x_wconf 86' lang='lat' dir='ltr'><strong>pertonuerit,</strong></span> 
     </span>
     <span class='ocr_line' id='line_1_41' title="bbox 174 3795 1160 3878; baseline 0 -20"><span class='ocrx_word' id='word_1_362' title='bbox 174 3804 204 3858; x_wconf 87' lang='lat' dir='ltr'><strong>et</strong></span> <span class='ocrx_word' id='word_1_363' title='bbox 223 3803 300 3864; x_wconf 84' lang='lat' dir='ltr'><strong>totns</strong></span> <span class='ocrx_word' id='word_1_364' title='bbox 320 3804 370 3858; x_wconf 79' lang='lat' dir='ltr'><strong>atr</strong></span> <span class='ocrx_word' id='word_1_365' title='bbox 389 3797 580 3856; x_wconf 84' lang='lat' dir='ltr'><strong>coruscaverit</strong></span> <span class='ocrx_word' id='word_1_366' title='bbox 599 3795 720 3878; x_wconf 86' lang='lat' dir='ltr'><strong>fulgore,</strong></span> <span class='ocrx_word' id='word_1_367' title='bbox 739 3805 768 3858; x_wconf 89' lang='lat' dir='ltr'><strong>et</strong></span> <span class='ocrx_word' id='word_1_368' title='bbox 786 3804 863 3858; x_wconf 89' lang='lat' dir='ltr'><strong>terra</strong></span> <span class='ocrx_word' id='word_1_369' title='bbox 881 3796 967 3857; x_wconf 86' lang='lat' dir='ltr'><strong>fuerit</strong></span> <span class='ocrx_word' id='word_1_370' title='bbox 986 3797 1160 3858; x_wconf 84' lang='lat' dir='ltr'><strong>tremefacta.</strong></span> 
     </span>
    </p>

    <p class='ocr_par' dir='ltr' id='par_1_19' title="bbox 172 3876 1416 4126">
     <span class='ocr_line' id='line_1_42' title="bbox 254 3876 1316 3939; baseline -0.003 0"><span class='ocrx_word' id='word_1_371' title='bbox 254 3879 302 3939; x_wconf 80' lang='lat'><strong>20.</strong></span> <span class='ocrx_word' id='word_1_372' title='bbox 322 3879 364 3937; x_wconf 81' lang='lat' dir='ltr'><strong>In</strong></span> <span class='ocrx_word' id='word_1_373' title='bbox 388 3884 466 3936; x_wconf 83' lang='lat' dir='ltr'><strong>mart</strong></span> <span class='ocrx_word' id='word_1_374' title='bbox 489 3885 563 3936; x_wconf 84' lang='lat' dir='ltr'><strong>utne.</strong></span> <span class='ocrx_word' id='word_1_375' title='bbox 602 3876 675 3938; x_wconf 82' lang='lat' dir='ltr'><strong>Aliis</strong></span> <span class='ocrx_word' id='word_1_376' title='bbox 699 3877 793 3937; x_wconf 79' lang='lat' dir='ltr'><strong>verbis</strong></span> <span class='ocrx_word' id='word_1_377' title='bbox 817 3878 920 3937; x_wconf 83' lang='lat' dir='ltr'><strong>iterum</strong></span> <span class='ocrx_word' id='word_1_378' title='bbox 945 3877 1077 3938; x_wconf 79' lang='lat' dir='ltr'><strong>describit</strong></span> <span class='ocrx_word' id='word_1_379' title='bbox 1096 3877 1266 3938; x_wconf 85' lang='lat' dir='ltr'><strong>miraculum</strong></span> <span class='ocrx_word' id='word_1_380' title='bbox 1285 3877 1316 3936; x_wconf 91' lang='lat' dir='ltr'><strong>in</strong></span> 
     </span>
     <span class='ocr_line' id='line_1_43' title="bbox 174 3953 1321 4037; baseline 0.003 -22"><span class='ocrx_word' id='word_1_381' title='bbox 174 3957 246 4016; x_wconf 87' lang='lat' dir='ltr'><strong>mari</strong></span> <span class='ocrx_word' id='word_1_382' title='bbox 272 3958 386 4016; x_wconf 88' lang='lat' dir='ltr'><strong>siccato.</strong></span> <span class='ocrx_word' id='word_1_383' title='bbox 433 3953 507 4014; x_wconf 90' lang='lat' dir='ltr'><strong>Nam</strong></span> <span class='ocrx_word' id='word_1_384' title='bbox 533 3955 612 4034; x_wconf 90' lang='lat' dir='ltr'><strong>quod</strong></span> <span class='ocrx_word' id='word_1_385' title='bbox 635 3957 666 4016; x_wconf 91' lang='lat' dir='ltr'><strong>in</strong></span> <span class='ocrx_word' id='word_1_386' title='bbox 691 3955 831 4018; x_wconf 66' lang='lat' dir='ltr'><strong>israelitas</strong></span> <span class='ocrx_word' id='word_1_387' title='bbox 856 3976 908 4036; x_wconf 86' lang='lat' dir='ltr'><strong>pro</strong></span> <span class='ocrx_word' id='word_1_388' title='bbox 930 3958 956 4018; x_wconf 90' lang='lat' dir='ltr'><strong>ie</strong></span> <span class='ocrx_word' id='word_1_389' title='bbox 981 3959 1131 4037; x_wconf 86' lang='lat' dir='ltr'><strong>competit,</strong></span> <span class='ocrx_word' id='word_1_390' title='bbox 1157 3957 1194 4016; x_wconf 91' lang='lat' dir='ltr'><strong>ad</strong></span> <span class='ocrx_word' id='word_1_391' title='bbox 1218 3956 1321 4018; x_wconf 85' lang='lat' dir='ltr'><strong>Deum</strong></span> 
     </span>
     <span class='ocr_line' id='line_1_44' title="bbox 172 3977 1416 4126; baseline 0.002 -32"><span class='ocrx_word' id='word_1_392' title='bbox 172 4035 314 4109; x_wconf 83' lang='lat' dir='ltr'><strong>transfert,</strong></span> <span class='ocrx_word' id='word_1_393' title='bbox 344 4035 426 4094; x_wconf 89' lang='lat' dir='ltr'><strong>cuins</strong></span> <span class='ocrx_word' id='word_1_394' title='bbox 454 4035 585 4118; x_wconf 87' lang='lat' dir='ltr'><strong>auspiciis</strong></span> <span class='ocrx_word' id='word_1_395' title='bbox 610 4021 640 4095; x_wconf 74' lang='lat' dir='ltr'><strong>dt</strong></span> <span class='ocrx_word' id='word_1_396' title='bbox 665 4035 753 4096; x_wconf 91' lang='lat' dir='ltr'><strong>ductu</strong></span> <span class='ocrx_word' id='word_1_397' title='bbox 782 4055 833 4117; x_wconf 87' lang='lat' dir='ltr'><strong>per</strong></span> <span class='ocrx_word' id='word_1_398' title='bbox 857 3977 1080 4096; x_wconf 75' lang='lat' dir='ltr'><strong>aridummaris</strong></span> <span class='ocrx_word' id='word_1_399' title='bbox 1104 4023 1196 4106; x_wconf 76' lang='lat' dir='ltr'><strong>Rubri</strong></span> <span class='ocrx_word' id='word_1_400' title='bbox 1220 4039 1316 4096; x_wconf 87' lang='lat' dir='ltr'><strong>sinum</strong></span> <span class='ocrx_word' id='word_1_401' title='bbox 1387 4060 1416 4126; x_wconf 46' lang='lat' dir='ltr'><strong>a,</strong></span> 
     </span>
    </p>
   </div>
   <div class='ocr_carea' id='block_1_18' title="bbox 155 4111 1416 4195">
    <p class='ocr_par' dir='ltr' id='par_1_20' title="bbox 155 4111 1416 4195">
     <span class='ocr_line' id='line_1_45' title="bbox 155 4111 1416 4195; baseline 0.003 -23"><span class='ocrx_word' id='word_1_402' title='bbox 155 4117 347 4194; x_wconf 39' lang='lat' dir='ltr'><strong>,transierunt</strong></span> <span class='ocrx_word' id='word_1_403' title='bbox 369 4115 419 4173; x_wconf 89' lang='lat' dir='ltr'><strong>illi.</strong></span> <span class='ocrx_word' id='word_1_404' title='bbox 460 4111 744 4190; x_wconf 79' lang='lat' dir='ltr'><strong>Praedicatautem,</strong></span> <span class='ocrx_word' id='word_1_405' title='bbox 767 4117 828 4176; x_wconf 86' lang='lat' dir='ltr'><strong>iter</strong></span> <span class='ocrx_word' id='word_1_406' title='bbox 846 4115 963 4176; x_wconf 90' lang='lat' dir='ltr'><strong>insolito</strong></span> <span class='ocrx_word' id='word_1_407' title='bbox 984 4116 1072 4176; x_wconf 89' lang='lat' dir='ltr'><strong>modo</strong></span> <span class='ocrx_word' id='word_1_408' title='bbox 1086 4115 1184 4176; x_wconf 83' lang='lat' dir='ltr'><strong>&#39;fuisse</strong></span> <span class='ocrx_word' id='word_1_409' title='bbox 1207 4116 1314 4195; x_wconf 82' lang='lat' dir='ltr'><strong>patefa-</strong></span> <span class='ocrx_word' id='word_1_410' title='bbox 1415 4131 1416 4148; x_wconf 77' lang='lat'><em>³</em></span> 
     </span>
    </p>
   </div>
   <div class='ocr_carea' id='block_1_19' title="bbox 173 4193 1316 4436">
    <p class='ocr_par' dir='ltr' id='par_1_21' title="bbox 173 4193 1316 4436">
     <span class='ocr_line' id='line_1_46' title="bbox 174 4193 1316 4274; baseline 0.003 -21"><span class='ocrx_word' id='word_1_411' title='bbox 174 4199 263 4267; x_wconf 90' lang='lat' dir='ltr'><strong>etum,</strong></span> <span class='ocrx_word' id='word_1_412' title='bbox 283 4195 351 4274; x_wconf 85' lang='lat' dir='ltr'><strong>quia</strong></span> <span class='ocrx_word' id='word_1_413' title='bbox 370 4213 424 4254; x_wconf 89' lang='lat' dir='ltr'><strong>nec</strong></span> <span class='ocrx_word' id='word_1_414' title='bbox 443 4193 592 4254; x_wconf 89' lang='lat' dir='ltr'><strong>bominum</strong></span> <span class='ocrx_word' id='word_1_415' title='bbox 611 4194 750 4256; x_wconf 87' lang='lat' dir='ltr'><strong>industria</strong></span> <span class='ocrx_word' id='word_1_416' title='bbox 768 4194 938 4256; x_wconf 81' lang='lat' dir='ltr'><strong>exhaustum</strong></span> <span class='ocrx_word' id='word_1_417' title='bbox 952 4195 1008 4258; x_wconf 93' lang='lat' dir='ltr'><strong>fuit</strong></span> <span class='ocrx_word' id='word_1_418' title='bbox 1024 4213 1118 4271; x_wconf 87' lang='lat' dir='ltr'><strong>mere,</strong></span> <span class='ocrx_word' id='word_1_419' title='bbox 1141 4195 1189 4256; x_wconf 85' lang='lat' dir='ltr'><strong>vel</strong></span> <span class='ocrx_word' id='word_1_420' title='bbox 1208 4198 1316 4258; x_wconf 89' lang='lat' dir='ltr'><strong>flumen</strong></span> 
     </span>
     <span class='ocr_line' id='line_1_47' title="bbox 173 4268 1316 4356; baseline 0.003 -24"><span class='ocrx_word' id='word_1_421' title='bbox 173 4268 425 4334; x_wconf 67' lang='lat' dir='ltr'><strong>alioderivatum:</strong></span> <span class='ocrx_word' id='word_1_422' title='bbox 445 4272 495 4334; x_wconf 89' lang='lat' dir='ltr'><strong>sed</strong></span> <span class='ocrx_word' id='word_1_423' title='bbox 516 4293 567 4353; x_wconf 87' lang='lat' dir='ltr'><strong>per</strong></span> <span class='ocrx_word' id='word_1_424' title='bbox 585 4273 693 4334; x_wconf 86' lang='lat' dir='ltr'><strong>medies</strong></span> <span class='ocrx_word' id='word_1_425' title='bbox 712 4293 802 4355; x_wconf 85' lang='lat' dir='ltr'><strong>aquas</strong></span> <span class='ocrx_word' id='word_1_426' title='bbox 826 4274 983 4336; x_wconf 82' lang='lat' dir='ltr'><strong>ambularit</strong></span> <span class='ocrx_word' id='word_1_427' title='bbox 1007 4275 1141 4356; x_wconf 82' lang='lat' dir='ltr'><strong>populus,</strong></span> <span class='ocrx_word' id='word_1_428' title='bbox 1159 4275 1190 4334; x_wconf 90' lang='lat' dir='ltr'><strong>in</strong></span> <span class='ocrx_word' id='word_1_429' title='bbox 1210 4274 1316 4354; x_wconf 80' lang='lat' dir='ltr'><strong>qudrus</strong></span> 
     </span>
     <span class='ocr_line' id='line_1_48' title="bbox 175 4351 1316 4436; baseline 0.004 -24"><span class='ocrx_word' id='word_1_430' title='bbox 175 4372 245 4414; x_wconf 84' lang='lat' dir='ltr'><strong>mox</strong></span> <span class='ocrx_word' id='word_1_431' title='bbox 265 4351 414 4414; x_wconf 80' lang='lat' dir='ltr'><strong>demersus</strong></span> <span class='ocrx_word' id='word_1_432' title='bbox 434 4352 488 4413; x_wconf 90' lang='lat' dir='ltr'><strong>fuit</strong></span> <span class='ocrx_word' id='word_1_433' title='bbox 508 4374 575 4414; x_wconf 90' lang='lat' dir='ltr'><strong>cum</strong></span> <span class='ocrx_word' id='word_1_434' title='bbox 595 4373 649 4416; x_wconf 85' lang='lat' dir='ltr'><strong>suo</strong></span> <span class='ocrx_word' id='word_1_435' title='bbox 673 4355 801 4416; x_wconf 71' lang='lat' dir='ltr'><strong>cxmdtu</strong></span> <span class='ocrx_word' id='word_1_436' title='bbox 821 4351 947 4416; x_wconf 81' lang='lat' dir='ltr'><strong>Pharao:</strong></span> <span class='ocrx_word' id='word_1_437' title='bbox 972 4375 1029 4436; x_wconf 88' lang='lat' dir='ltr'><strong>qua</strong></span> <span class='ocrx_word' id='word_1_438' title='bbox 1054 4355 1164 4416; x_wconf 85' lang='lat' dir='ltr'><strong>ratione</strong></span> <span class='ocrx_word' id='word_1_439' title='bbox 1183 4353 1251 4416; x_wconf 90' lang='lat' dir='ltr'><strong>dicit</strong></span> <span class='ocrx_word' id='word_1_440' title='bbox 1270 4377 1316 4416; x_wconf 85' lang='lat' dir='ltr'><strong>oe·</strong></span> 
     </span>
    </p>
   </div>
   <div class='ocr_carea' id='block_1_20' title="bbox 0 0 1444 4888">
    <p class='ocr_par' dir='ltr' id='par_1_22' title="bbox 0 0 1444 4888">
     <span class='ocr_line' id='line_1_49' title="bbox 0 0 1444 4888; baseline 0 0"><span class='ocrx_word' id='word_1_441' title='bbox 0 0 1444 4888; x_wconf 95' lang='lat' dir='ltr'><strong> </strong></span> 
     </span>
    </p>
   </div>
  </div>
 </body>
</html>
