<?xml version="1.0" encoding="UTF-8"?>
<!DOCTYPE html PUBLIC "-//W3C//DTD XHTML 1.0 Transitional//EN"
    "http://www.w3.org/TR/xhtml1/DTD/xhtml1-transitional.dtd">
<html xmlns="http://www.w3.org/1999/xhtml" xml:lang="en" lang="en">
 <head>
  <title>
</title>
<meta http-equiv="Content-Type" content="text/html;charset=utf-8" />
  <meta name='ocr-system' content='tesseract 3.04.00' />
  <meta name='ocr-capabilities' content='ocr_page ocr_carea ocr_par ocr_line ocrx_word'/>
</head>
<body>
  <div class='ocr_page' id='page_1' title='image "./ioanniscalvinii04tholgoog_0244.png"; bbox 0 0 2890 4886; ppageno 0'>
   <div class='ocr_carea' id='block_1_1' title="bbox 557 274 1269 365">
    <p class='ocr_par' dir='ltr' id='par_1_1' title="bbox 557 274 1269 365">
     <span class='ocr_line' id='line_1_1' title="bbox 557 274 1269 365; baseline -0.001 -21"><span class='ocrx_word' id='word_1_1' title='bbox 557 301 866 345; x_wconf 70' lang='lat' dir='ltr'><strong>urrunnuncv.</strong></span> <span class='ocrx_word' id='word_1_2' title='bbox 1019 274 1030 291; x_wconf 82' lang='lat'><em>&#39;</em></span> <span class='ocrx_word' id='word_1_3' title='bbox 1163 347 1166 357; x_wconf 58' lang='lat'><em>,</em></span> <span class='ocrx_word' id='word_1_4' title='bbox 1214 305 1269 365; x_wconf 67' lang='lat'><strong>235</strong></span> 
     </span>
    </p>
   </div>
   <div class='ocr_carea' id='block_1_2' title="bbox 81 378 1268 511">
    <p class='ocr_par' dir='ltr' id='par_1_2' title="bbox 81 378 1268 511">
     <span class='ocr_line' id='line_1_2' title="bbox 81 378 1268 511; baseline 0.001 -21"><span class='ocrx_word' id='word_1_5' title='bbox 81 391 86 402; x_wconf 35' lang='grc' dir='ltr'>Ι</span> <span class='ocrx_word' id='word_1_6' title='bbox 130 390 553 511; x_wconf 66' lang='lat' dir='ltr'><strong>gendadstdsnduolloclsstae</strong></span> <span class='ocrx_word' id='word_1_7' title='bbox 561 437 659 487; x_wconf 89' lang='lat' dir='ltr'><strong>curam</strong></span> <span class='ocrx_word' id='word_1_8' title='bbox 670 405 1034 508; x_wconf 79' lang='lat' dir='ltr'><strong>commentorstl’ropbets.</strong></span> <span class='ocrx_word' id='word_1_9' title='bbox 1055 378 1268 492; x_wconf 57' lang='lat' dir='ltr'><strong>Molestum</strong></span> 
     </span>
    </p>
   </div>
   <div class='ocr_carea' id='block_1_3' title="bbox 130 503 1441 590">
    <p class='ocr_par' dir='ltr' id='par_1_3' title="bbox 130 503 1441 590">
     <span class='ocr_line' id='line_1_3' title="bbox 130 503 1441 590; baseline 0.005 -20"><span class='ocrx_word' id='word_1_10' title='bbox 130 509 260 571; x_wconf 88' lang='lat' dir='ltr'><strong>secundo</strong></span> <span class='ocrx_word' id='word_1_11' title='bbox 280 510 345 569; x_wconf 90' lang='lat' dir='ltr'><strong>loco</strong></span> <span class='ocrx_word' id='word_1_12' title='bbox 365 506 443 586; x_wconf 88' lang='lat' dir='ltr'><strong>qnod</strong></span> <span class='ocrx_word' id='word_1_13' title='bbox 462 507 598 588; x_wconf 89' lang='lat' dir='ltr'><strong>temporis</strong></span> <span class='ocrx_word' id='word_1_14' title='bbox 617 505 717 567; x_wconf 85' lang='lat' dir='ltr'><strong>ordine</strong></span> <span class='ocrx_word' id='word_1_15' title='bbox 735 507 814 590; x_wconf 90' lang='lat' dir='ltr'><strong>prins</strong></span> <span class='ocrx_word' id='word_1_16' title='bbox 833 513 885 566; x_wconf 87' lang='lat' dir='ltr'><strong>est.</strong></span> <span class='ocrx_word' id='word_1_17' title='bbox 904 503 972 568; x_wconf 90' lang='lat' dir='ltr'><strong>ldeo</strong></span> <span class='ocrx_word' id='word_1_18' title='bbox 987 505 1116 568; x_wconf 83' lang='lat' dir='ltr'><strong>inverbo</strong></span> <span class='ocrx_word' id='word_1_19' title='bbox 1135 513 1269 573; x_wconf 78' lang='lat' dir='ltr'><strong>ssttteesdt</strong></span> <span class='ocrx_word' id='word_1_20' title='bbox 1347 567 1351 581; x_wconf 74' lang='grc'><strong>,</strong></span> <span class='ocrx_word' id='word_1_21' title='bbox 1440 551 1441 576; x_wconf 59' lang='lat' dir='ltr'><strong>r</strong></span> 
     </span>
    </p>
   </div>
   <div class='ocr_carea' id='block_1_4' title="bbox 131 586 1275 1306">
    <p class='ocr_par' dir='ltr' id='par_1_4' title="bbox 131 586 1275 1306">
     <span class='ocr_line' id='line_1_4' title="bbox 131 586 1268 672; baseline 0 -22"><span class='ocrx_word' id='word_1_22' title='bbox 131 597 248 672; x_wconf 85' lang='lat' dir='ltr'><strong>lempna</strong></span> <span class='ocrx_word' id='word_1_23' title='bbox 274 588 425 670; x_wconf 84' lang='lat' dir='ltr'><strong>plusquam</strong></span> <span class='ocrx_word' id='word_1_24' title='bbox 451 586 609 665; x_wconf 84' lang='lat' dir='ltr'><strong>perlectum</strong></span> <span class='ocrx_word' id='word_1_25' title='bbox 634 586 737 646; x_wconf 76' lang='lat' dir='ltr'><strong>melius</strong></span> <span class='ocrx_word' id='word_1_26' title='bbox 755 601 871 648; x_wconf 89' lang='lat' dir='ltr'><strong>sensnm</strong></span> <span class='ocrx_word' id='word_1_27' title='bbox 895 586 1050 668; x_wconf 76' lang='lat' dir='ltr'><strong>exprimets</strong></span> <span class='ocrx_word' id='word_1_28' title='bbox 1066 605 1172 670; x_wconf 89' lang='lat' dir='ltr'><strong>nempe</strong></span> <span class='ocrx_word' id='word_1_29' title='bbox 1190 597 1268 650; x_wconf 85' lang='lat' dir='ltr'><strong>ante·</strong></span> 
     </span>
     <span class='ocr_line' id='line_1_5' title="bbox 133 664 1269 808; baseline 0.003 -79"><span class='ocrx_word' id='word_1_30' title='bbox 133 689 225 751; x_wconf 85' lang='lat' dir='ltr'><strong>quam</strong></span> <span class='ocrx_word' id='word_1_31' title='bbox 243 667 324 730; x_wconf 86' lang='lat' dir='ltr'><strong>Dens</strong></span> <span class='ocrx_word' id='word_1_32' title='bbox 344 665 597 808; x_wconf 53' lang='lat' dir='ltr'><strong>teprsmugbaepppu</strong></span> <span class='ocrx_word' id='word_1_33' title='bbox 616 664 1033 808; x_wconf 46' lang='lat' dir='ltr'><strong>ffffffiet&#39;ssffi?</strong></span> <span class='ocrx_word' id='word_1_34' title='bbox 1052 685 1166 808; x_wconf 55' lang='lat' dir='ltr'><strong>¹²:35⁸ae</strong></span> <span class='ocrx_word' id='word_1_35' title='bbox 1185 686 1269 732; x_wconf 87' lang='lat' dir='ltr'><strong>servo</strong></span> 
     </span>
     <span class='ocr_line' id='line_1_6' title="bbox 133 747 1270 908; baseline 0.001 -21"><span class='ocrx_word' id='word_1_36' title='bbox 133 747 305 908; x_wconf 42' lang='lat' dir='ltr'><strong>ffidmhljponll&#39;</strong></span> <span class='ocrx_word' id='word_1_37' title='bbox 318 753 507 885; x_wconf 47' lang='lat' dir='ltr'><strong>gitctffilillis</strong></span> <span class='ocrx_word' id='word_1_38' title='bbox 532 765 786 887; x_wconf 52' lang='lat' dir='ltr'><strong>curaretaepl’onit</strong></span> <span class='ocrx_word' id='word_1_39' title='bbox 810 767 906 885; x_wconf 50' lang='lat' dir='ltr'><strong>aulem</strong></span> <span class='ocrx_word' id='word_1_40' title='bbox 931 826 989 886; x_wconf 91' lang='lat' dir='ltr'><strong>duo</strong></span> <span class='ocrx_word' id='word_1_41' title='bbox 1014 767 1095 908; x_wconf 39' lang='lat' dir='ltr'><strong>qnasi</strong></span> <span class='ocrx_word' id='word_1_42' title='bbox 1119 767 1270 904; x_wconf 48' lang='lat' dir='ltr'><strong>mpetpoapp’</strong></span> 
     </span>
     <span class='ocr_line' id='line_1_7' title="bbox 135 903 1271 989; baseline 0.004 -21"><span class='ocrx_word' id='word_1_43' title='bbox 135 908 214 969; x_wconf 85' lang='lat' dir='ltr'><strong>node</strong></span> <span class='ocrx_word' id='word_1_44' title='bbox 239 906 417 989; x_wconf 86' lang='lat' dir='ltr'><strong>providentia</strong></span> <span class='ocrx_word' id='word_1_45' title='bbox 436 903 492 966; x_wconf 86' lang='lat' dir='ltr'><strong>Dei</strong></span> <span class='ocrx_word' id='word_1_46' title='bbox 520 907 622 967; x_wconf 83' lang='lat' dir='ltr'><strong>melius</strong></span> <span class='ocrx_word' id='word_1_47' title='bbox 650 905 768 967; x_wconf 80' lang='lat' dir='ltr'><strong>eluceat</strong></span> <span class='ocrx_word' id='word_1_48' title='bbox 807 903 965 984; x_wconf 84' lang='lat' dir='ltr'><strong>Quomodo</strong></span> <span class='ocrx_word' id='word_1_49' title='bbox 993 907 1069 966; x_wconf 88' lang='lat' dir='ltr'><strong>enim</strong></span> <span class='ocrx_word' id='word_1_50' title='bbox 1098 909 1202 968; x_wconf 85' lang='lat' dir='ltr'><strong>missus</strong></span> <span class='ocrx_word' id='word_1_51' title='bbox 1225 915 1271 972; x_wconf 81' lang='lat' dir='ltr'><strong>est</strong></span> 
     </span>
     <span class='ocr_line' id='line_1_8' title="bbox 136 984 1271 1069; baseline -0.001 -18"><span class='ocrx_word' id='word_1_52' title='bbox 136 985 241 1069; x_wconf 87' lang='lat' dir='ltr'><strong>losepb</strong></span> <span class='ocrx_word' id='word_1_53' title='bbox 265 1005 282 1047; x_wconf 91' lang='lat' dir='ltr'><strong>a</strong></span> <span class='ocrx_word' id='word_1_54' title='bbox 302 985 386 1046; x_wconf 74' lang='lat' dir='ltr'><strong>Deo?</strong></span> <span class='ocrx_word' id='word_1_55' title='bbox 409 1003 513 1064; x_wconf 89' lang='lat' dir='ltr'><strong>nemps</strong></span> <span class='ocrx_word' id='word_1_56' title='bbox 539 1004 629 1066; x_wconf 84' lang='lat' dir='ltr'><strong>quom</strong></span> <span class='ocrx_word' id='word_1_57' title='bbox 648 985 805 1047; x_wconf 86' lang='lat' dir='ltr'><strong>destinatos</strong></span> <span class='ocrx_word' id='word_1_58' title='bbox 823 992 900 1046; x_wconf 84' lang='lat' dir='ltr'><strong>esset</strong></span> <span class='ocrx_word' id='word_1_59' title='bbox 918 984 955 1045; x_wconf 83' lang='lat' dir='ltr'><strong>ad</strong></span> <span class='ocrx_word' id='word_1_60' title='bbox 974 993 1106 1059; x_wconf 84' lang='lat' dir='ltr'><strong>mortem,</strong></span> <span class='ocrx_word' id='word_1_61' title='bbox 1131 987 1205 1048; x_wconf 83' lang='lat' dir='ltr'><strong>lovts</strong></span> <span class='ocrx_word' id='word_1_62' title='bbox 1223 1005 1271 1050; x_wconf 86' lang='lat' dir='ltr'><strong>ao·</strong></span> 
     </span>
     <span class='ocr_line' id='line_1_9' title="bbox 137 1063 1271 1147; baseline 0.003 -20"><span class='ocrx_word' id='word_1_63' title='bbox 137 1068 207 1128; x_wconf 88' lang='lat' dir='ltr'><strong>cidit</strong></span> <span class='ocrx_word' id='word_1_64' title='bbox 226 1071 259 1127; x_wconf 88' lang='lat' dir='ltr'><strong>ut</strong></span> <span class='ocrx_word' id='word_1_65' title='bbox 278 1065 378 1127; x_wconf 84' lang='lat' dir='ltr'><strong>iratres</strong></span> <span class='ocrx_word' id='word_1_66' title='bbox 397 1063 632 1146; x_wconf 78' lang='lat' dir='ltr'><strong>vendemipsum</strong></span> <span class='ocrx_word' id='word_1_67' title='bbox 644 1065 797 1126; x_wconf 81' lang='lat' dir='ltr'><strong>maluerint</strong></span> <span class='ocrx_word' id='word_1_68' title='bbox 815 1083 901 1146; x_wconf 87' lang='lat' dir='ltr'><strong>quam</strong></span> <span class='ocrx_word' id='word_1_69' title='bbox 911 1065 1071 1146; x_wconf 83' lang='lat' dir='ltr'><strong>relinquere</strong></span> <span class='ocrx_word' id='word_1_70' title='bbox 1089 1067 1271 1147; x_wconf 83' lang='lat' dir='ltr'><strong>insepulcrs.</strong></span> 
     </span>
     <span class='ocr_line' id='line_1_10' title="bbox 137 1144 1272 1228; baseline 0.001 -21"><span class='ocrx_word' id='word_1_71' title='bbox 137 1147 203 1228; x_wconf 86' lang='lat' dir='ltr'><strong>Ipsa</strong></span> <span class='ocrx_word' id='word_1_72' title='bbox 223 1148 309 1228; x_wconf 72' lang='lat' dir='ltr'><strong>igitur</strong></span> <span class='ocrx_word' id='word_1_73' title='bbox 328 1145 453 1205; x_wconf 75' lang='lat' dir='ltr'><strong>venditio</strong></span> <span class='ocrx_word' id='word_1_74' title='bbox 472 1146 497 1204; x_wconf 89' lang='lat' dir='ltr'><strong>si</strong></span> <span class='ocrx_word' id='word_1_75' title='bbox 517 1163 569 1225; x_wconf 87' lang='lat' dir='ltr'><strong>per</strong></span> <span class='ocrx_word' id='word_1_76' title='bbox 580 1164 619 1204; x_wconf 82' lang='lat' dir='ltr'><strong>se</strong></span> <span class='ocrx_word' id='word_1_77' title='bbox 636 1150 793 1226; x_wconf 78' lang='lat' dir='ltr'><strong>reputetur,</strong></span> <span class='ocrx_word' id='word_1_78' title='bbox 818 1145 900 1226; x_wconf 83' lang='lat' dir='ltr'><strong>qusai</strong></span> <span class='ocrx_word' id='word_1_79' title='bbox 918 1144 1007 1206; x_wconf 87' lang='lat' dir='ltr'><strong>nobes</strong></span> <span class='ocrx_word' id='word_1_80' title='bbox 1027 1145 1202 1226; x_wconf 87' lang='lat' dir='ltr'><strong>interposita,</strong></span> <span class='ocrx_word' id='word_1_81' title='bbox 1221 1147 1272 1208; x_wconf 89' lang='lat' dir='ltr'><strong>ob·</strong></span> 
     </span>
     <span class='ocr_line' id='line_1_11' title="bbox 136 1221 1275 1306; baseline -0.001 -19"><span class='ocrx_word' id='word_1_82' title='bbox 136 1234 234 1288; x_wconf 88' lang='lat' dir='ltr'><strong>scurat</strong></span> <span class='ocrx_word' id='word_1_83' title='bbox 258 1233 288 1286; x_wconf 84' lang='lat' dir='ltr'><strong>ct</strong></span> <span class='ocrx_word' id='word_1_84' title='bbox 312 1223 420 1304; x_wconf 77' lang='lat' dir='ltr'><strong>obtegit</strong></span> <span class='ocrx_word' id='word_1_85' title='bbox 438 1221 495 1286; x_wconf 87' lang='lat' dir='ltr'><strong>Dei</strong></span> <span class='ocrx_word' id='word_1_86' title='bbox 519 1223 738 1306; x_wconf 83' lang='lat' dir='ltr'><strong>providentiam.</strong></span> <span class='ocrx_word' id='word_1_87' title='bbox 765 1221 822 1284; x_wconf 86' lang='lat' dir='ltr'><strong>Ubi</strong></span> <span class='ocrx_word' id='word_1_88' title='bbox 844 1225 920 1284; x_wconf 91' lang='lat' dir='ltr'><strong>enim</strong></span> <span class='ocrx_word' id='word_1_89' title='bbox 939 1226 1041 1285; x_wconf 88' lang='lat' dir='ltr'><strong>initum</strong></span> <span class='ocrx_word' id='word_1_90' title='bbox 1060 1233 1105 1285; x_wconf 90' lang='lat' dir='ltr'><strong>est</strong></span> <span class='ocrx_word' id='word_1_91' title='bbox 1123 1227 1275 1300; x_wconf 77' lang='lat' dir='ltr'><strong>consilinm</strong></span> 
     </span>
    </p>
   </div>
   <div class='ocr_carea' id='block_1_5' title="bbox 11 1304 1372 1469">
    <p class='ocr_par' dir='ltr' id='par_1_5' title="bbox 11 1304 1372 1469">
     <span class='ocr_line' id='line_1_12' title="bbox 138 1304 1372 1386; baseline -0.001 -18"><span class='ocrx_word' id='word_1_92' title='bbox 138 1307 257 1368; x_wconf 78' lang='lat' dir='ltr'><strong>deeius</strong></span> <span class='ocrx_word' id='word_1_93' title='bbox 276 1305 372 1377; x_wconf 82' lang='lat' dir='ltr'><strong>caede,</strong></span> <span class='ocrx_word' id='word_1_94' title='bbox 398 1306 462 1384; x_wconf 87' lang='lat' dir='ltr'><strong>quis</strong></span> <span class='ocrx_word' id='word_1_95' title='bbox 487 1311 628 1386; x_wconf 74' lang='lat' dir='ltr'>sperasset</span> <span class='ocrx_word' id='word_1_96' title='bbox 649 1304 712 1364; x_wconf 86' lang='lat' dir='ltr'><strong>lore</strong></span> <span class='ocrx_word' id='word_1_97' title='bbox 730 1306 879 1365; x_wconf 83' lang='lat' dir='ltr'><strong>nutritium</strong></span> <span class='ocrx_word' id='word_1_98' title='bbox 937 1310 1034 1365; x_wconf 86' lang='lat' dir='ltr'><strong>ternae</strong></span> <span class='ocrx_word' id='word_1_99' title='bbox 1052 1305 1174 1366; x_wconf 80' lang='lat' dir='ltr'><strong>domus?</strong></span> <span class='ocrx_word' id='word_1_100' title='bbox 1192 1306 1273 1384; x_wconf 77' lang='lat' dir='ltr'><strong>Post,</strong></span> <span class='ocrx_word' id='word_1_101' title='bbox 1366 1345 1372 1358; x_wconf 55' lang='grc' dir='ltr'><em>ι</em></span> 
     </span>
     <span class='ocr_line' id='line_1_13' title="bbox 11 1384 1282 1469; baseline 0 -22"><span class='ocrx_word' id='word_1_102' title='bbox 11 1427 14 1433; x_wconf 88' lang='grc'><strong>-</strong></span> <span class='ocrx_word' id='word_1_103' title='bbox 43 1399 52 1406; x_wconf 86' lang='grc'>·</span> <span class='ocrx_word' id='word_1_104' title='bbox 138 1405 229 1469; x_wconf 68' lang='lat' dir='ltr'><strong>genos</strong></span> <span class='ocrx_word' id='word_1_105' title='bbox 249 1387 349 1446; x_wconf 84' lang='lat' dir='ltr'><strong>mortis</strong></span> <span class='ocrx_word' id='word_1_106' title='bbox 369 1385 522 1445; x_wconf 84' lang='lat' dir='ltr'><strong>inventurn</strong></span> <span class='ocrx_word' id='word_1_107' title='bbox 536 1386 693 1446; x_wconf 85' lang='lat' dir='ltr'><strong>estminua</strong></span> <span class='ocrx_word' id='word_1_108' title='bbox 713 1384 837 1459; x_wconf 81' lang='lat' dir='ltr'><strong>curtiole,</strong></span> <span class='ocrx_word' id='word_1_109' title='bbox 856 1403 888 1444; x_wconf 91' lang='lat' dir='ltr'><strong>se</strong></span> <span class='ocrx_word' id='word_1_110' title='bbox 922 1385 1282 1467; x_wconf 83' lang='lat' dir='ltr'><strong>incisternamproiectus,&#39;</strong></span> 
     </span>
    </p>
   </div>
   <div class='ocr_carea' id='block_1_6' title="bbox 115 1463 1276 1867">
    <p class='ocr_par' dir='ltr' id='par_1_6' title="bbox 115 1463 1276 1867">
     <span class='ocr_line' id='line_1_14' title="bbox 138 1463 1274 1562; baseline 0.002 -36"><span class='ocrx_word' id='word_1_111' title='bbox 138 1465 287 1562; x_wconf 81' lang='lat' dir='ltr'><strong>quomodo</strong></span> <span class='ocrx_word' id='word_1_112' title='bbox 312 1464 374 1525; x_wconf 85' lang='lat' dir='ltr'><strong>aliis</strong></span> <span class='ocrx_word' id='word_1_113' title='bbox 401 1481 565 1528; x_wconf 79' lang='lat' dir='ltr'><strong>succurrere</strong></span> <span class='ocrx_word' id='word_1_114' title='bbox 589 1467 720 1562; x_wconf 76' lang='lat' dir='ltr'><strong>poterat?</strong></span> <span class='ocrx_word' id='word_1_115' title='bbox 739 1463 859 1526; x_wconf 86' lang='lat' dir='ltr'><strong>Summa</strong></span> <span class='ocrx_word' id='word_1_116' title='bbox 882 1483 948 1546; x_wconf 91' lang='lat' dir='ltr'><strong>spes</strong></span> <span class='ocrx_word' id='word_1_117' title='bbox 971 1463 1036 1538; x_wconf 80' lang='lat' dir='ltr'><strong>init,</strong></span> <span class='ocrx_word' id='word_1_118' title='bbox 1061 1465 1139 1562; x_wconf 74' lang='lat' dir='ltr'><strong>quod</strong></span> <span class='ocrx_word' id='word_1_119' title='bbox 1157 1467 1274 1562; x_wconf 66' lang='lat' dir='ltr'><strong>tandem</strong></span> 
     </span>
     <span class='ocr_line' id='line_1_15' title="bbox 138 1543 1274 1626; baseline 0.003 -21"><span class='ocrx_word' id='word_1_120' title='bbox 138 1545 284 1620; x_wconf 77' lang='lat' dir='ltr'><strong>venditus,</strong></span> <span class='ocrx_word' id='word_1_121' title='bbox 312 1563 330 1604; x_wconf 87' lang='lat' dir='ltr'><strong>c</strong></span> <span class='ocrx_word' id='word_1_122' title='bbox 354 1551 474 1606; x_wconf 78' lang='lat' dir='ltr'><strong>osterna</strong></span> <span class='ocrx_word' id='word_1_123' title='bbox 499 1551 622 1606; x_wconf 81' lang='lat' dir='ltr'><strong>emersu.</strong></span> <span class='ocrx_word' id='word_1_124' title='bbox 649 1543 721 1605; x_wconf 87' lang='lat' dir='ltr'><strong>-Sed</strong></span> <span class='ocrx_word' id='word_1_125' title='bbox 745 1563 846 1605; x_wconf 82' lang='lat' dir='ltr'><strong>musas</strong></span> <span class='ocrx_word' id='word_1_126' title='bbox 874 1561 978 1625; x_wconf 86' lang='lat' dir='ltr'><strong>parum</strong></span> <span class='ocrx_word' id='word_1_127' title='bbox 1002 1543 1093 1604; x_wconf 80' lang='lat' dir='ltr'><strong>abluat</strong></span> <span class='ocrx_word' id='word_1_128' title='bbox 1118 1555 1187 1626; x_wconf 79' lang='lat' dir='ltr'><strong>quun</strong></span> <span class='ocrx_word' id='word_1_129' title='bbox 1212 1553 1274 1608; x_wconf 87' lang='lat' dir='ltr'><strong>tota</strong></span> 
     </span>
     <span class='ocr_line' id='line_1_16' title="bbox 115 1623 1274 1764; baseline 0.002 -78"><span class='ocrx_word' id='word_1_130' title='bbox 115 1628 205 1722; x_wconf 46' lang='lat' dir='ltr'><strong>*vito⁴</strong></span> <span class='ocrx_word' id='word_1_131' title='bbox 222 1631 402 1764; x_wconf 69' lang='lat' dir='ltr'><strong>¹pptresoeret</strong></span> <span class='ocrx_word' id='word_1_132' title='bbox 426 1626 460 1720; x_wconf 78' lang='lat' dir='ltr'><strong>in</strong></span> <span class='ocrx_word' id='word_1_133' title='bbox 481 1641 602 1742; x_wconf 67' lang='lat' dir='ltr'><strong>parcere.</strong></span> <span class='ocrx_word' id='word_1_134' title='bbox 646 1623 721 1704; x_wconf 80' lang='lat' dir='ltr'><strong>Quis</strong></span> <span class='ocrx_word' id='word_1_135' title='bbox 744 1630 859 1720; x_wconf 72' lang='lat' dir='ltr'><strong>pataret</strong></span> <span class='ocrx_word' id='word_1_136' title='bbox 881 1631 942 1722; x_wconf 68' lang='lat' dir='ltr'><strong>tam</strong></span> <span class='ocrx_word' id='word_1_137' title='bbox 957 1624 1116 1720; x_wconf 42' lang='lat' dir='ltr'><strong>&#39;ilmuosos</strong></span> <span class='ocrx_word' id='word_1_138' title='bbox 1140 1625 1274 1688; x_wconf 83' lang='lat' dir='ltr'><strong>circuitos</strong></span> 
     </span>
     <span class='ocr_line' id='line_1_17' title="bbox 140 1702 1276 1867; baseline 0.001 -21"><span class='ocrx_word' id='word_1_139' title='bbox 140 1725 209 1846; x_wconf 66' lang='lat' dir='ltr'><strong>iii</strong></span> <span class='ocrx_word' id='word_1_140' title='bbox 233 1704 496 1850; x_wconf 57' lang='lat' dir='ltr'><strong>sibifiliiil?</strong></span> <span class='ocrx_word' id='word_1_141' title='bbox 513 1702 1276 1867; x_wconf 58' lang='lat' dir='ltr'><strong>lttdttttptttttl&#39;tbdtttttt</strong></span> 
     </span>
    </p>
   </div>
   <div class='ocr_carea' id='block_1_7' title="bbox 141 1861 1412 1946">
    <p class='ocr_par' dir='ltr' id='par_1_7' title="bbox 141 1861 1412 1946">
     <span class='ocr_line' id='line_1_18' title="bbox 141 1861 1412 1946; baseline -0.001 -18"><span class='ocrx_word' id='word_1_142' title='bbox 141 1867 229 1928; x_wconf 89' lang='lat' dir='ltr'><strong>nitus.</strong></span> <span class='ocrx_word' id='word_1_143' title='bbox 269 1863 363 1924; x_wconf 87' lang='lat' dir='ltr'><strong>Locos</strong></span> <span class='ocrx_word' id='word_1_144' title='bbox 387 1863 435 1924; x_wconf 91' lang='lat' dir='ltr'><strong>bic</strong></span> <span class='ocrx_word' id='word_1_145' title='bbox 459 1871 560 1926; x_wconf 90' lang='lat' dir='ltr'><strong>notatu</strong></span> <span class='ocrx_word' id='word_1_146' title='bbox 579 1864 681 1946; x_wconf 78' lang='lat' dir='ltr'><strong>dignus</strong></span> <span class='ocrx_word' id='word_1_147' title='bbox 699 1869 754 1940; x_wconf 85' lang='lat' dir='ltr'><strong>est,</strong></span> <span class='ocrx_word' id='word_1_148' title='bbox 777 1865 844 1946; x_wconf 80' lang='lat' dir='ltr'><strong>quia</strong></span> <span class='ocrx_word' id='word_1_149' title='bbox 864 1866 973 1946; x_wconf 87' lang='lat' dir='ltr'><strong>optime</strong></span> <span class='ocrx_word' id='word_1_150' title='bbox 991 1861 1047 1924; x_wconf 86' lang='lat' dir='ltr'><strong>Dei</strong></span> <span class='ocrx_word' id='word_1_151' title='bbox 1067 1865 1276 1944; x_wconf 86' lang='lat' dir='ltr'><strong>providentiam</strong></span> <span class='ocrx_word' id='word_1_152' title='bbox 1403 1918 1412 1944; x_wconf 59' lang='lat'>„</span> 
     </span>
    </p>
   </div>
   <div class='ocr_carea' id='block_1_8' title="bbox 140 1941 1331 2664">
    <p class='ocr_par' dir='ltr' id='par_1_8' title="bbox 140 1941 1331 2664">
     <span class='ocr_line' id='line_1_19' title="bbox 141 1941 1319 2025; baseline -0.003 -19"><span class='ocrx_word' id='word_1_153' title='bbox 141 1945 244 2007; x_wconf 72' lang='lat' dir='ltr'><strong>assent</strong></span> <span class='ocrx_word' id='word_1_154' title='bbox 268 1950 368 2004; x_wconf 80' lang='lat' dir='ltr'><strong>contra</strong></span> <span class='ocrx_word' id='word_1_155' title='bbox 397 1949 613 2025; x_wconf 84' lang='lat' dir='ltr'><strong>praeposterum</strong></span> <span class='ocrx_word' id='word_1_156' title='bbox 639 1946 731 2006; x_wconf 85' lang='lat' dir='ltr'><strong>carnis</strong></span> <span class='ocrx_word' id='word_1_157' title='bbox 755 1951 872 2005; x_wconf 84' lang='lat' dir='ltr'><strong>nostrae</strong></span> <span class='ocrx_word' id='word_1_158' title='bbox 895 1951 942 2004; x_wconf 89' lang='lat' dir='ltr'><strong>stu</strong></span> <span class='ocrx_word' id='word_1_159' title='bbox 964 1963 1052 2004; x_wconf 88' lang='lat' dir='ltr'><strong>orem.</strong></span> <span class='ocrx_word' id='word_1_160' title='bbox 1098 1941 1175 2022; x_wconf 84' lang='lat' dir='ltr'><strong>Quia</strong></span> <span class='ocrx_word' id='word_1_161' title='bbox 1199 1946 1275 2006; x_wconf 85' lang='lat' dir='ltr'><strong>enlm</strong></span> <span class='ocrx_word' id='word_1_162' title='bbox 1315 1989 1319 2002; x_wconf 94' lang='lat'>.</span> 
     </span>
     <span class='ocr_line' id='line_1_20' title="bbox 140 2023 1276 2105; baseline -0.001 -17"><span class='ocrx_word' id='word_1_163' title='bbox 140 2025 320 2088; x_wconf 85' lang='lat' dir='ltr'><strong>subsistimus</strong></span> <span class='ocrx_word' id='word_1_164' title='bbox 343 2023 373 2083; x_wconf 91' lang='lat' dir='ltr'><strong>in</strong></span> <span class='ocrx_word' id='word_1_165' title='bbox 397 2023 498 2085; x_wconf 87' lang='lat' dir='ltr'><strong>mediis</strong></span> <span class='ocrx_word' id='word_1_166' title='bbox 521 2043 596 2105; x_wconf 86' lang='lat' dir='ltr'><strong>quae</strong></span> <span class='ocrx_word' id='word_1_167' title='bbox 619 2024 701 2086; x_wconf 86' lang='lat' dir='ltr'><strong>nubis</strong></span> <span class='ocrx_word' id='word_1_168' title='bbox 721 2031 884 2098; x_wconf 78' lang='lat' dir='ltr'><strong>occurrunt,</strong></span> <span class='ocrx_word' id='word_1_169' title='bbox 907 2043 927 2082; x_wconf 92' lang='lat' dir='ltr'><strong>v</strong></span> <span class='ocrx_word' id='word_1_170' title='bbox 978 2023 1127 2084; x_wconf 92' lang='lat' dir='ltr'><strong>bominum</strong></span> <span class='ocrx_word' id='word_1_171' title='bbox 1151 2025 1276 2087; x_wconf 87' lang='lat' dir='ltr'><strong>consiliis</strong></span> 
     </span>
     <span class='ocr_line' id='line_1_21' title="bbox 141 2103 1276 2184; baseline 0.001 -17"><span class='ocrx_word' id='word_1_172' title='bbox 141 2103 483 2184; x_wconf 77' lang='lat' dir='ltr'><strong>adsc1·ibimns¹quicquid</strong></span> <span class='ocrx_word' id='word_1_173' title='bbox 508 2105 624 2184; x_wconf 77' lang='lat' dir='ltr'><strong>geritur,</strong></span> <span class='ocrx_word' id='word_1_174' title='bbox 649 2105 697 2163; x_wconf 89' lang='lat' dir='ltr'><strong>vel</strong></span> <span class='ocrx_word' id='word_1_175' title='bbox 722 2123 791 2164; x_wconf 86' lang='lat' dir='ltr'><strong>casn</strong></span> <span class='ocrx_word' id='word_1_176' title='bbox 813 2104 941 2163; x_wconf 88' lang='lat' dir='ltr'><strong>accidere</strong></span> <span class='ocrx_word' id='word_1_177' title='bbox 980 2111 1108 2163; x_wconf 77' lang='lat' dir='ltr'><strong>utamur:</strong></span> <span class='ocrx_word' id='word_1_178' title='bbox 1132 2105 1172 2163; x_wconf 90' lang='lat' dir='ltr'><strong>ita</strong></span> <span class='ocrx_word' id='word_1_179' title='bbox 1190 2125 1276 2167; x_wconf 92' lang='lat' dir='ltr'><strong>nemo</strong></span> 
     </span>
     <span class='ocr_line' id='line_1_22' title="bbox 141 2179 1331 2264; baseline 0 -18"><span class='ocrx_word' id='word_1_180' title='bbox 141 2186 203 2247; x_wconf 80' lang='lat' dir='ltr'><strong>lene</strong></span> <span class='ocrx_word' id='word_1_181' title='bbox 223 2184 260 2244; x_wconf 90' lang='lat' dir='ltr'><strong>ad</strong></span> <span class='ocrx_word' id='word_1_182' title='bbox 278 2181 375 2244; x_wconf 87' lang='lat' dir='ltr'><strong>Deum</strong></span> <span class='ocrx_word' id='word_1_183' title='bbox 394 2190 533 2264; x_wconf 85' lang='lat' dir='ltr'><strong>penetrat.</strong></span> <span class='ocrx_word' id='word_1_184' title='bbox 573 2182 610 2244; x_wconf 82' lang='lat' dir='ltr'><strong>st</strong></span> <span class='ocrx_word' id='word_1_185' title='bbox 634 2184 663 2243; x_wconf 92' lang='lat' dir='ltr'><strong>ni</strong></span> <span class='ocrx_word' id='word_1_186' title='bbox 686 2183 813 2243; x_wconf 76' lang='lat' dir='ltr'><strong>venditio</strong></span> <span class='ocrx_word' id='word_1_187' title='bbox 832 2179 936 2262; x_wconf 85' lang='lat' dir='ltr'><strong>loseph</strong></span> <span class='ocrx_word' id='word_1_188' title='bbox 980 2183 1007 2242; x_wconf 90' lang='lat' dir='ltr'><strong>ic</strong></span> <span class='ocrx_word' id='word_1_189' title='bbox 1031 2201 1090 2242; x_wconf 90' lang='lat' dir='ltr'><strong>non</strong></span> <span class='ocrx_word' id='word_1_190' title='bbox 1115 2182 1277 2246; x_wconf 88' lang='lat' dir='ltr'><strong>obtenditur</strong></span> <span class='ocrx_word' id='word_1_191' title='bbox 1327 2189 1331 2199; x_wconf 80' lang='lat'><strong><em>‘</em></strong></span> 
     </span>
     <span class='ocr_line' id='line_1_23' title="bbox 144 2205 1277 2362; baseline 0.001 -38"><span class='ocrx_word' id='word_1_192' title='bbox 144 2265 228 2362; x_wconf 73' lang='lat' dir='ltr'><strong>puasi</strong></span> <span class='ocrx_word' id='word_1_193' title='bbox 247 2263 343 2324; x_wconf 89' lang='lat' dir='ltr'><strong>velum</strong></span> <span class='ocrx_word' id='word_1_194' title='bbox 362 2263 442 2343; x_wconf 88' lang='lat' dir='ltr'><strong>quod</strong></span> <span class='ocrx_word' id='word_1_195' title='bbox 461 2263 518 2324; x_wconf 92' lang='lat' dir='ltr'><strong>Dei</strong></span> <span class='ocrx_word' id='word_1_196' title='bbox 536 2205 744 2344; x_wconf 42' lang='lat' dir='ltr'><strong>providentiam</strong></span> <span class='ocrx_word' id='word_1_197' title='bbox 762 2261 931 2358; x_wconf 80' lang='lat' dir='ltr'><strong>abscondat,</strong></span> <span class='ocrx_word' id='word_1_198' title='bbox 956 2261 1010 2358; x_wconf 42' lang='lat' dir='ltr'><strong>sed·</strong></span> <span class='ocrx_word' id='word_1_199' title='bbox 1046 2263 1120 2322; x_wconf 88' lang='lat' dir='ltr'><strong>otios</strong></span> <span class='ocrx_word' id='word_1_200' title='bbox 1139 2269 1277 2360; x_wconf 70' lang='lat' dir='ltr'><strong>tanquam</strong></span> 
     </span>
     <span class='ocr_line' id='line_1_24' title="bbox 142 2341 1278 2497; baseline 0.001 -13"><span class='ocrx_word' id='word_1_201' title='bbox 142 2350 507 2497; x_wconf 56' lang='lat' dir='ltr'><strong>tst‘tttttbttttr</strong></span> <span class='ocrx_word' id='word_1_202' title='bbox 522 2343 754 2484; x_wconf 61' lang='lat' dir='ltr'><strong>ebibit</strong></span> <span class='ocrx_word' id='word_1_203' title='bbox 768 2341 828 2481; x_wconf 71' lang='lat' dir='ltr'><strong>tt</strong></span> <span class='ocrx_word' id='word_1_204' title='bbox 847 2341 1278 2485; x_wconf 58' lang='lat' dir='ltr'><strong>battulbttlttltt</strong></span> 
     </span>
     <span class='ocr_line' id='line_1_25' title="bbox 143 2499 1276 2586; baseline 0 -22"><span class='ocrx_word' id='word_1_205' title='bbox 143 2521 249 2564; x_wconf 76' lang='lat' dir='ltr'><strong>sumno</strong></span> <span class='ocrx_word' id='word_1_206' title='bbox 268 2505 401 2564; x_wconf 86' lang='lat' dir='ltr'><strong>instinctu</strong></span> <span class='ocrx_word' id='word_1_207' title='bbox 421 2503 545 2578; x_wconf 82' lang='lat' dir='ltr'><strong>flectere,</strong></span> <span class='ocrx_word' id='word_1_208' title='bbox 564 2510 598 2562; x_wconf 90' lang='lat' dir='ltr'><strong>ut</strong></span> <span class='ocrx_word' id='word_1_209' title='bbox 616 2523 669 2586; x_wconf 82' lang='lat' dir='ltr'><strong>per</strong></span> <span class='ocrx_word' id='word_1_210' title='bbox 687 2521 737 2563; x_wconf 88' lang='lat' dir='ltr'><strong>eos</strong></span> <span class='ocrx_word' id='word_1_211' title='bbox 756 2501 804 2564; x_wconf 86' lang='lat' dir='ltr'><strong>vel</strong></span> <span class='ocrx_word' id='word_1_212' title='bbox 822 2502 926 2562; x_wconf 79' lang='lat' dir='ltr'><strong>inscim</strong></span> <span class='ocrx_word' id='word_1_213' title='bbox 940 2499 988 2560; x_wconf 87' lang='lat' dir='ltr'><strong>vet</strong></span> <span class='ocrx_word' id='word_1_214' title='bbox 1001 2501 1130 2562; x_wconf 89' lang='lat' dir='ltr'><strong>nolentes</strong></span> <span class='ocrx_word' id='word_1_215' title='bbox 1139 2521 1276 2582; x_wconf 73' lang='lat' dir='ltr'><strong>menna-</strong></span> 
     </span>
     <span class='ocr_line' id='line_1_26' title="bbox 142 2578 1272 2664; baseline -0.001 -20"><span class='ocrx_word' id='word_1_216' title='bbox 142 2591 192 2644; x_wconf 85' lang='lat' dir='ltr'><strong>tnr</strong></span> <span class='ocrx_word' id='word_1_217' title='bbox 216 2583 296 2664; x_wconf 86' lang='lat' dir='ltr'><strong>quod</strong></span> <span class='ocrx_word' id='word_1_218' title='bbox 320 2584 427 2642; x_wconf 89' lang='lat' dir='ltr'><strong>statuit.</strong></span> <span class='ocrx_word' id='word_1_219' title='bbox 467 2581 517 2645; x_wconf 88' lang='lat' dir='ltr'><strong>Sic</strong></span> <span class='ocrx_word' id='word_1_220' title='bbox 541 2583 650 2644; x_wconf 88' lang='lat' dir='ltr'><strong>dicebat</strong></span> <span class='ocrx_word' id='word_1_221' title='bbox 673 2581 778 2663; x_wconf 80' lang='lat' dir='ltr'><strong>loseph</strong></span> <span class='ocrx_word' id='word_1_222' title='bbox 796 2582 859 2663; x_wconf 87' lang='lat' dir='ltr'><strong>ipse</strong></span> <span class='ocrx_word' id='word_1_223' title='bbox 878 2578 1026 2658; x_wconf 75' lang='lat' dir='ltr'><strong>fratribus,</strong></span> <span class='ocrx_word' id='word_1_224' title='bbox 1050 2579 1155 2641; x_wconf 77' lang='lat' dir='ltr'><strong>(lenes.</strong></span> <span class='ocrx_word' id='word_1_225' title='bbox 1175 2585 1224 2656; x_wconf 85' lang='lat'><strong>45,</strong></span> <span class='ocrx_word' id='word_1_226' title='bbox 1243 2585 1272 2648; x_wconf 88' lang='grc'><strong>5.</strong></span> 
     </span>
    </p>
   </div>
   <div class='ocr_carea' id='block_1_9' title="bbox 143 2658 1411 2746">
    <p class='ocr_par' dir='ltr' id='par_1_9' title="bbox 143 2658 1411 2746">
     <span class='ocr_line' id='line_1_27' title="bbox 143 2658 1411 2746; baseline 0 -22"><span class='ocrx_word' id='word_1_227' title='bbox 143 2661 207 2735; x_wconf 77' lang='lat' dir='ltr'><strong>Vos</strong></span> <span class='ocrx_word' id='word_1_228' title='bbox 227 2681 286 2724; x_wconf 90' lang='lat' dir='ltr'><strong>non</strong></span> <span class='ocrx_word' id='word_1_229' title='bbox 306 2681 352 2724; x_wconf 86' lang='lat' dir='ltr'><strong>me</strong></span> <span class='ocrx_word' id='word_1_230' title='bbox 371 2662 537 2724; x_wconf 78' lang='lat' dir='ltr'><strong>vendidistis</strong></span> <span class='ocrx_word' id='word_1_231' title='bbox 556 2665 619 2746; x_wconf 86' lang='lat' dir='ltr'><strong>ipsi,</strong></span> <span class='ocrx_word' id='word_1_232' title='bbox 640 2661 781 2724; x_wconf 88' lang='lat' dir='ltr'><strong>sechus</strong></span> <span class='ocrx_word' id='word_1_233' title='bbox 790 2663 935 2744; x_wconf 87' lang='lat' dir='ltr'><strong>praemisit</strong></span> <span class='ocrx_word' id='word_1_234' title='bbox 953 2680 1000 2721; x_wconf 84' lang='lat' dir='ltr'><strong>me</strong></span> <span class='ocrx_word' id='word_1_235' title='bbox 1019 2658 1140 2721; x_wconf 85' lang='lat' dir='ltr'><strong>vobisin</strong></span> <span class='ocrx_word' id='word_1_236' title='bbox 1159 2669 1277 2742; x_wconf 86' lang='lat' dir='ltr'><strong>patrem.</strong></span> <span class='ocrx_word' id='word_1_237' title='bbox 1405 2699 1411 2746; x_wconf 50' lang='lat'><strong>4</strong></span> 
     </span>
    </p>
   </div>
   <div class='ocr_carea' id='block_1_10' title="bbox 143 2741 1280 3304">
    <p class='ocr_par' dir='ltr' id='par_1_10' title="bbox 143 2741 1280 3304">
     <span class='ocr_line' id='line_1_28' title="bbox 145 2741 1278 2824; baseline 0 -20"><span class='ocrx_word' id='word_1_238' title='bbox 145 2743 282 2804; x_wconf 81' lang='lat' dir='ltr'><strong>Ceterum</strong></span> <span class='ocrx_word' id='word_1_239' title='bbox 306 2745 345 2803; x_wconf 85' lang='lat' dir='ltr'><strong>ita</strong></span> <span class='ocrx_word' id='word_1_240' title='bbox 365 2741 447 2804; x_wconf 89' lang='lat' dir='ltr'><strong>Deus</strong></span> <span class='ocrx_word' id='word_1_241' title='bbox 476 2743 590 2804; x_wconf 91' lang='lat' dir='ltr'><strong>occulto</strong></span> <span class='ocrx_word' id='word_1_242' title='bbox 615 2743 696 2804; x_wconf 86' lang='lat' dir='ltr'><strong>ireno</strong></span> <span class='ocrx_word' id='word_1_243' title='bbox 721 2741 861 2824; x_wconf 74' lang='lat' dir='ltr'><strong>gubernat</strong></span> <span class='ocrx_word' id='word_1_244' title='bbox 883 2759 929 2802; x_wconf 90' lang='lat' dir='ltr'><strong>res</strong></span> <span class='ocrx_word' id='word_1_245' title='bbox 953 2741 1101 2816; x_wconf 81' lang='lat' dir='ltr'><strong>hnmanae,</strong></span> <span class='ocrx_word' id='word_1_246' title='bbox 1129 2747 1160 2802; x_wconf 84' lang='lat' dir='ltr'><strong>et</strong></span> <span class='ocrx_word' id='word_1_247' title='bbox 1183 2746 1278 2824; x_wconf 86' lang='lat' dir='ltr'><strong>pravis</strong></span> 
     </span>
     <span class='ocr_line' id='line_1_29' title="bbox 144 2821 1277 2902; baseline 0 -18"><span class='ocrx_word' id='word_1_248' title='bbox 144 2823 270 2884; x_wconf 84' lang='lat' dir='ltr'><strong>consiliis</strong></span> <span class='ocrx_word' id='word_1_249' title='bbox 289 2825 381 2884; x_wconf 86' lang='lat' dir='ltr'><strong>utitor</strong></span> <span class='ocrx_word' id='word_1_250' title='bbox 399 2825 429 2885; x_wconf 93' lang='lat' dir='ltr'><strong>in</strong></span> <span class='ocrx_word' id='word_1_251' title='bbox 449 2830 558 2884; x_wconf 86' lang='lat' dir='ltr'><strong>rectum</strong></span> <span class='ocrx_word' id='word_1_252' title='bbox 578 2823 675 2898; x_wconf 85' lang='lat' dir='ltr'><strong>linem,</strong></span> <span class='ocrx_word' id='word_1_253' title='bbox 694 2830 729 2882; x_wconf 89' lang='lat' dir='ltr'><strong>nt</strong></span> <span class='ocrx_word' id='word_1_254' title='bbox 746 2829 843 2883; x_wconf 84' lang='lat' dir='ltr'><strong>tamen</strong></span> <span class='ocrx_word' id='word_1_255' title='bbox 858 2821 994 2902; x_wconf 83' lang='lat' dir='ltr'><strong>permista</strong></span> <span class='ocrx_word' id='word_1_256' title='bbox 1013 2823 1139 2881; x_wconf 85' lang='lat' dir='ltr'><strong>noosint</strong></span> <span class='ocrx_word' id='word_1_257' title='bbox 1157 2823 1217 2882; x_wconf 88' lang='lat' dir='ltr'><strong>eins</strong></span> <span class='ocrx_word' id='word_1_258' title='bbox 1236 2823 1277 2884; x_wconf 91' lang='lat' dir='ltr'><strong>in·</strong></span> 
     </span>
     <span class='ocr_line' id='line_1_30' title="bbox 143 2899 1279 2986; baseline -0.002 -20"><span class='ocrx_word' id='word_1_259' title='bbox 143 2903 218 2966; x_wconf 87' lang='lat' dir='ltr'><strong>dicia</strong></span> <span class='ocrx_word' id='word_1_260' title='bbox 238 2903 386 2964; x_wconf 90' lang='lat' dir='ltr'><strong>bominum</strong></span> <span class='ocrx_word' id='word_1_261' title='bbox 406 2905 548 2986; x_wconf 86' lang='lat' dir='ltr'><strong>pravitati.</strong></span> <span class='ocrx_word' id='word_1_262' title='bbox 578 2901 732 2984; x_wconf 85' lang='lat' dir='ltr'><strong>Perperam</strong></span> <span class='ocrx_word' id='word_1_263' title='bbox 747 2905 911 2985; x_wconf 83' lang='lat' dir='ltr'><strong>conspirant</strong></span> <span class='ocrx_word' id='word_1_264' title='bbox 929 2902 1031 2964; x_wconf 76' lang='lat' dir='ltr'><strong>lrabes</strong></span> <span class='ocrx_word' id='word_1_265' title='bbox 1044 2899 1148 2984; x_wconf 91' lang='lat' dir='ltr'><strong>losepb</strong></span> <span class='ocrx_word' id='word_1_266' title='bbox 1166 2903 1196 2962; x_wconf 88' lang='lat' dir='ltr'><strong>in</strong></span> <span class='ocrx_word' id='word_1_267' title='bbox 1214 2904 1279 2964; x_wconf 87' lang='lat' dir='ltr'><strong>eins</strong></span> 
     </span>
     <span class='ocr_line' id='line_1_31' title="bbox 143 2980 1280 3064; baseline -0.002 -20"><span class='ocrx_word' id='word_1_268' title='bbox 143 3003 254 3060; x_wconf 72' lang='lat' dir='ltr'><strong>necem,</strong></span> <span class='ocrx_word' id='word_1_269' title='bbox 273 2985 379 3043; x_wconf 86' lang='lat' dir='ltr'><strong>iniuste</strong></span> <span class='ocrx_word' id='word_1_270' title='bbox 396 2985 482 3045; x_wconf 89' lang='lat' dir='ltr'><strong>etiam</strong></span> <span class='ocrx_word' id='word_1_271' title='bbox 502 3002 569 3044; x_wconf 92' lang='lat' dir='ltr'><strong>eum</strong></span> <span class='ocrx_word' id='word_1_272' title='bbox 588 2983 725 3056; x_wconf 80' lang='lat' dir='ltr'><strong>vendunt,</strong></span> <span class='ocrx_word' id='word_1_273' title='bbox 744 2983 829 3062; x_wconf 89' lang='lat' dir='ltr'><strong>culpa</strong></span> <span class='ocrx_word' id='word_1_274' title='bbox 846 2984 877 3042; x_wconf 90' lang='lat' dir='ltr'><strong>in</strong></span> <span class='ocrx_word' id='word_1_275' title='bbox 896 2983 965 3064; x_wconf 89' lang='lat' dir='ltr'><strong>ipsis</strong></span> <span class='ocrx_word' id='word_1_276' title='bbox 985 2981 1096 3041; x_wconf 76' lang='lat' dir='ltr'><strong>residet</strong></span> <span class='ocrx_word' id='word_1_277' title='bbox 1136 2980 1280 3064; x_wconf 82' lang='lat' dir='ltr'><strong>Deneper</strong></span> 
     </span>
     <span class='ocr_line' id='line_1_32' title="bbox 143 3060 1279 3144; baseline 0 -21"><span class='ocrx_word' id='word_1_278' title='bbox 143 3081 244 3123; x_wconf 89' lang='lat' dir='ltr'><strong>eornm</strong></span> <span class='ocrx_word' id='word_1_279' title='bbox 269 3083 385 3124; x_wconf 89' lang='lat' dir='ltr'><strong>manum</strong></span> <span class='ocrx_word' id='word_1_280' title='bbox 409 3065 547 3144; x_wconf 71' lang='lat' dir='ltr'><strong>prospicit</strong></span> <span class='ocrx_word' id='word_1_281' title='bbox 571 3067 632 3123; x_wconf 71' lang='lat' dir='ltr'><strong>mm</strong></span> <span class='ocrx_word' id='word_1_282' title='bbox 656 3065 738 3143; x_wconf 85' lang='lat' dir='ltr'><strong>ipsis,</strong></span> <span class='ocrx_word' id='word_1_283' title='bbox 758 3081 845 3142; x_wconf 83' lang='lat' dir='ltr'><strong>quam</strong></span> <span class='ocrx_word' id='word_1_284' title='bbox 886 3065 941 3123; x_wconf 85' lang='lat' dir='ltr'><strong>atri</strong></span> <span class='ocrx_word' id='word_1_285' title='bbox 959 3060 1060 3136; x_wconf 85' lang='lat' dir='ltr'><strong>Iacob,</strong></span> <span class='ocrx_word' id='word_1_286' title='bbox 1079 3063 1191 3142; x_wconf 86' lang='lat' dir='ltr'><strong>totique</strong></span> <span class='ocrx_word' id='word_1_287' title='bbox 1210 3067 1279 3124; x_wconf 83' lang='lat' dir='ltr'><strong>snas</strong></span> 
     </span>
     <span class='ocr_line' id='line_1_33' title="bbox 143 3141 1280 3216; baseline 0.001 -13"><span class='ocrx_word' id='word_1_288' title='bbox 143 3141 302 3216; x_wconf 78' lang='lat' dir='ltr'><strong>Ecclesiae,</strong></span> <span class='ocrx_word' id='word_1_289' title='bbox 321 3143 377 3202; x_wconf 92' lang='lat' dir='ltr'><strong>boc</strong></span> <span class='ocrx_word' id='word_1_290' title='bbox 396 3151 525 3206; x_wconf 87' lang='lat' dir='ltr'><strong>sanctum</strong></span> <span class='ocrx_word' id='word_1_291' title='bbox 545 3143 693 3204; x_wconf 86' lang='lat' dir='ltr'><strong>consilium</strong></span> <span class='ocrx_word' id='word_1_292' title='bbox 718 3141 792 3204; x_wconf 88' lang='lat' dir='ltr'><strong>nibil</strong></span> <span class='ocrx_word' id='word_1_293' title='bbox 807 3162 857 3214; x_wconf 63' lang='lat' dir='ltr'><strong>so,</strong></span> <span class='ocrx_word' id='word_1_294' title='bbox 875 3143 899 3202; x_wconf 89' lang='lat' dir='ltr'><strong>is</strong></span> <span class='ocrx_word' id='word_1_295' title='bbox 922 3142 971 3201; x_wconf 87' lang='lat' dir='ltr'><strong>vel</strong></span> <span class='ocrx_word' id='word_1_296' title='bbox 989 3142 1118 3201; x_wconf 86' lang='lat' dir='ltr'><strong>maculae</strong></span> <span class='ocrx_word' id='word_1_297' title='bbox 1137 3143 1280 3204; x_wconf 86' lang='lat' dir='ltr'><strong>cuntrablt</strong></span> 
     </span>
     <span class='ocr_line' id='line_1_34' title="bbox 145 3221 1280 3304; baseline 0 -20"><span class='ocrx_word' id='word_1_298' title='bbox 145 3243 184 3284; x_wconf 83' lang='lat' dir='ltr'><strong>cx</strong></span> <span class='ocrx_word' id='word_1_299' title='bbox 209 3241 309 3283; x_wconf 87' lang='lat' dir='ltr'><strong>eorum</strong></span> <span class='ocrx_word' id='word_1_300' title='bbox 334 3223 441 3285; x_wconf 82' lang='lat' dir='ltr'><strong>malitia</strong></span> <span class='ocrx_word' id='word_1_301' title='bbox 506 3225 514 3240; x_wconf 83' lang='grc'><strong>’</strong></span> <span class='ocrx_word' id='word_1_302' title='bbox 538 3243 656 3304; x_wconf 77' lang='lat' dir='ltr'><strong>promus</strong></span> <span class='ocrx_word' id='word_1_303' title='bbox 680 3221 833 3282; x_wconf 76' lang='lat' dir='ltr'><strong>tendebant</strong></span> <span class='ocrx_word' id='word_1_304' title='bbox 856 3224 886 3281; x_wconf 92' lang='lat' dir='ltr'><strong>in</strong></span> <span class='ocrx_word' id='word_1_305' title='bbox 912 3221 1055 3282; x_wconf 88' lang='lat' dir='ltr'><strong>diversum</strong></span> <span class='ocrx_word' id='word_1_306' title='bbox 1079 3221 1181 3282; x_wconf 83' lang='lat' dir='ltr'><strong>tinum:</strong></span> <span class='ocrx_word' id='word_1_307' title='bbox 1204 3225 1280 3284; x_wconf 87' lang='lat' dir='ltr'><strong>siout</strong></span> 
     </span>
    </p>
   </div>
   <div class='ocr_carea' id='block_1_11' title="bbox 144 3295 1407 3386">
    <p class='ocr_par' dir='ltr' id='par_1_11' title="bbox 144 3295 1407 3386">
     <span class='ocr_line' id='line_1_35' title="bbox 144 3295 1407 3386; baseline -0.006 -22"><span class='ocrx_word' id='word_1_308' title='bbox 144 3295 245 3386; x_wconf 80' lang='lat' dir='ltr'><strong>postea</strong></span> <span class='ocrx_word' id='word_1_309' title='bbox 264 3309 383 3363; x_wconf 84' lang='lat' dir='ltr'><strong>testatus</strong></span> <span class='ocrx_word' id='word_1_310' title='bbox 407 3311 452 3364; x_wconf 87' lang='lat' dir='ltr'><strong>est</strong></span> <span class='ocrx_word' id='word_1_311' title='bbox 470 3303 547 3363; x_wconf 79' lang='lat' dir='ltr'><strong>idem</strong></span> <span class='ocrx_word' id='word_1_312' title='bbox 565 3301 679 3384; x_wconf 82' lang='lat' dir='ltr'><strong>loseph,</strong></span> <span class='ocrx_word' id='word_1_313' title='bbox 699 3301 808 3362; x_wconf 86' lang='lat' dir='ltr'><strong>Genes.&#39;</strong></span> <span class='ocrx_word' id='word_1_314' title='bbox 823 3304 872 3376; x_wconf 84' lang='lat'><strong>50,</strong></span> <span class='ocrx_word' id='word_1_315' title='bbox 891 3305 941 3364; x_wconf 77' lang='lat'><strong>2⁰.</strong></span> <span class='ocrx_word' id='word_1_316' title='bbox 980 3299 1042 3360; x_wconf 83' lang='lat' dir='ltr'><strong>Vos</strong></span> <span class='ocrx_word' id='word_1_317' title='bbox 1067 3301 1182 3380; x_wconf 86' lang='lat' dir='ltr'><strong>quidem</strong></span> <span class='ocrx_word' id='word_1_318' title='bbox 1202 3303 1278 3384; x_wconf 78' lang='lat' dir='ltr'><strong>cogi·</strong></span> <span class='ocrx_word' id='word_1_319' title='bbox 1400 3295 1407 3317; x_wconf 61' lang='lat'><strong>⁸</strong></span> 
     </span>
    </p>
   </div>
   <div class='ocr_carea' id='block_1_12' title="bbox 65 3381 1369 4542">
    <p class='ocr_par' dir='ltr' id='par_1_12' title="bbox 145 3381 999 3456">
     <span class='ocr_line' id='line_1_36' title="bbox 145 3381 999 3456; baseline -0.002 -14"><span class='ocrx_word' id='word_1_320' title='bbox 145 3385 227 3443; x_wconf 86' lang='lat' dir='ltr'><strong>tastis</strong></span> <span class='ocrx_word' id='word_1_321' title='bbox 247 3383 283 3443; x_wconf 88' lang='lat' dir='ltr'><strong>de</strong></span> <span class='ocrx_word' id='word_1_322' title='bbox 301 3402 349 3442; x_wconf 90' lang='lat' dir='ltr'><strong>me</strong></span> <span class='ocrx_word' id='word_1_323' title='bbox 368 3384 485 3456; x_wconf 90' lang='lat' dir='ltr'><strong>malum,</strong></span> <span class='ocrx_word' id='word_1_324' title='bbox 504 3382 553 3444; x_wconf 90' lang='lat' dir='ltr'><strong>sed</strong></span> <span class='ocrx_word' id='word_1_325' title='bbox 574 3382 655 3443; x_wconf 88' lang='lat' dir='ltr'><strong>Dens</strong></span> <span class='ocrx_word' id='word_1_326' title='bbox 674 3383 704 3442; x_wconf 90' lang='lat' dir='ltr'><strong>in</strong></span> <span class='ocrx_word' id='word_1_327' title='bbox 723 3381 831 3442; x_wconf 88' lang='lat' dir='ltr'><strong>bonnm</strong></span> <span class='ocrx_word' id='word_1_328' title='bbox 851 3381 999 3441; x_wconf 87' lang='lat' dir='ltr'><strong>convertit.</strong></span> 
     </span>
    </p>

    <p class='ocr_par' dir='ltr' id='par_1_13' title="bbox 65 3460 1369 4502">
     <span class='ocr_line' id='line_1_37' title="bbox 225 3460 1280 3546; baseline -0.001 -22"><span class='ocrx_word' id='word_1_329' title='bbox 225 3464 273 3525; x_wconf 83' lang='lat' dir='ltr'><strong>ts.</strong></span> <span class='ocrx_word' id='word_1_330' title='bbox 292 3464 494 3546; x_wconf 74' lang='lat' dir='ltr'><strong>Asstttesuot.</strong></span> <span class='ocrx_word' id='word_1_331' title='bbox 532 3460 599 3524; x_wconf 89' lang='lat' dir='ltr'><strong>Non</strong></span> <span class='ocrx_word' id='word_1_332' title='bbox 623 3461 728 3522; x_wconf 81' lang='lat' dir='ltr'><strong>lmstra</strong></span> <span class='ocrx_word' id='word_1_333' title='bbox 753 3461 935 3544; x_wconf 70' lang='lat' dir='ltr'><strong>persequitur</strong></span> <span class='ocrx_word' id='word_1_334' title='bbox 957 3460 1108 3520; x_wconf 82' lang='lat' dir='ltr'><strong>circuitum</strong></span> <span class='ocrx_word' id='word_1_335' title='bbox 1127 3460 1208 3521; x_wconf 91' lang='lat' dir='ltr'><strong>illum</strong></span> <span class='ocrx_word' id='word_1_336' title='bbox 1229 3463 1280 3543; x_wconf 85' lang='lat' dir='ltr'><strong>qni</strong></span> 
     </span>
     <span class='ocr_line' id='line_1_38' title="bbox 147 3540 1348 3626; baseline 0.001 -25"><span class='ocrx_word' id='word_1_337' title='bbox 147 3541 313 3616; x_wconf 74' lang='lat' dir='ltr'><strong>obnubilare</strong></span> <span class='ocrx_word' id='word_1_338' title='bbox 334 3550 445 3626; x_wconf 83' lang='lat' dir='ltr'><strong>poterat</strong></span> <span class='ocrx_word' id='word_1_339' title='bbox 465 3543 740 3603; x_wconf 85' lang='lat' dir='ltr'><strong>bominum-mentes</strong></span> <span class='ocrx_word' id='word_1_340' title='bbox 760 3556 797 3601; x_wconf 89' lang='lat' dir='ltr'><strong>ne</strong></span> <span class='ocrx_word' id='word_1_341' title='bbox 817 3540 1078 3601; x_wconf 85' lang='lat' dir='ltr'><strong>adDeiconslllum</strong></span> <span class='ocrx_word' id='word_1_342' title='bbox 1098 3543 1278 3622; x_wconf 83' lang='lat' dir='ltr'><strong>respicerent.</strong></span> <span class='ocrx_word' id='word_1_343' title='bbox 1346 3577 1348 3582; x_wconf 83' lang='lat'><em>.</em></span> 
     </span>
     <span class='ocr_line' id='line_1_39' title="bbox 146 3620 1279 3759; baseline 0.002 -79"><span class='ocrx_word' id='word_1_344' title='bbox 146 3621 226 3699; x_wconf 86' lang='lat' dir='ltr'><strong>Quid</strong></span> <span class='ocrx_word' id='word_1_345' title='bbox 251 3624 326 3682; x_wconf 91' lang='lat' dir='ltr'><strong>enim</strong></span> <span class='ocrx_word' id='word_1_346' title='bbox 350 3623 445 3682; x_wconf 91' lang='lat' dir='ltr'><strong>minus</strong></span> <span class='ocrx_word' id='word_1_347' title='bbox 470 3630 705 3698; x_wconf 87' lang='lat' dir='ltr'><strong>consentaneum,</strong></span> <span class='ocrx_word' id='word_1_348' title='bbox 730 3637 817 3702; x_wconf 88' lang='lat' dir='ltr'><strong>quam</strong></span> <span class='ocrx_word' id='word_1_349' title='bbox 839 3639 894 3759; x_wconf 71' lang='lat' dir='ltr'><strong>per</strong></span> <span class='ocrx_word' id='word_1_350' title='bbox 917 3627 978 3680; x_wconf 86' lang='lat' dir='ltr'><strong>tam</strong></span> <span class='ocrx_word' id='word_1_351' title='bbox 1002 3620 1128 3681; x_wconf 79' lang='lat' dir='ltr'><strong>divulsas</strong></span> <span class='ocrx_word' id='word_1_352' title='bbox 1146 3622 1279 3704; x_wconf 78' lang='lat' dir='ltr'><strong>ambages</strong></span> 
     </span>
     <span class='ocr_line' id='line_1_40' title="bbox 145 3700 1278 3783; baseline -0.001 -22"><span class='ocrx_word' id='word_1_353' title='bbox 145 3702 297 3764; x_wconf 82' lang='lat' dir='ltr'><strong>Denmnd</strong></span> <span class='ocrx_word' id='word_1_354' title='bbox 338 3705 495 3783; x_wconf 84' lang='lat' dir='ltr'><strong>repositum</strong></span> <span class='ocrx_word' id='word_1_355' title='bbox 514 3703 567 3764; x_wconf 86' lang='lat' dir='ltr'><strong>sibi</strong></span> <span class='ocrx_word' id='word_1_356' title='bbox 594 3701 680 3762; x_wconf 87' lang='lat' dir='ltr'><strong>finem</strong></span> <span class='ocrx_word' id='word_1_357' title='bbox 701 3703 816 3762; x_wconf 81' lang='lat' dir='ltr'><strong>venire?</strong></span> <span class='ocrx_word' id='word_1_358' title='bbox 862 3700 897 3760; x_wconf 90' lang='lat' dir='ltr'><strong>ed</strong></span> <span class='ocrx_word' id='word_1_359' title='bbox 922 3701 1101 3780; x_wconf 85' lang='lat' dir='ltr'><strong>providentia</strong></span> <span class='ocrx_word' id='word_1_360' title='bbox 1121 3700 1177 3762; x_wconf 88' lang='lat' dir='ltr'><strong>Dei</strong></span> <span class='ocrx_word' id='word_1_361' title='bbox 1196 3719 1278 3779; x_wconf 90' lang='lat' dir='ltr'><strong>supe·</strong></span> 
     </span>
     <span class='ocr_line' id='line_1_41' title="bbox 145 3723 1280 3863; baseline 0 -21"><span class='ocrx_word' id='word_1_362' title='bbox 145 3784 213 3842; x_wconf 87' lang='lat' dir='ltr'><strong>ratis</strong></span> <span class='ocrx_word' id='word_1_363' title='bbox 232 3787 277 3841; x_wconf 91' lang='lat' dir='ltr'><strong>tot</strong></span> <span class='ocrx_word' id='word_1_364' title='bbox 295 3723 457 3858; x_wconf 55' lang='lat' dir='ltr'><strong>obauratis,</strong></span> <span class='ocrx_word' id='word_1_365' title='bbox 480 3783 571 3842; x_wconf 90' lang='lat' dir='ltr'><strong>molto</strong></span> <span class='ocrx_word' id='word_1_366' title='bbox 595 3783 733 3843; x_wconf 76' lang='lat' dir='ltr'><strong>illustrior</strong></span> <span class='ocrx_word' id='word_1_367' title='bbox 751 3781 869 3863; x_wconf 78' lang='lat' dir='ltr'><strong>emergit</strong></span> <span class='ocrx_word' id='word_1_368' title='bbox 888 3799 976 3861; x_wconf 91' lang='lat' dir='ltr'><strong>quam</strong></span> <span class='ocrx_word' id='word_1_369' title='bbox 1000 3783 1024 3840; x_wconf 88' lang='lat' dir='ltr'><strong>si</strong></span> <span class='ocrx_word' id='word_1_370' title='bbox 1049 3780 1128 3842; x_wconf 86' lang='lat' dir='ltr'><strong>brevi</strong></span> <span class='ocrx_word' id='word_1_371' title='bbox 1151 3786 1183 3840; x_wconf 89' lang='lat' dir='ltr'><strong>et</strong></span> <span class='ocrx_word' id='word_1_372' title='bbox 1204 3780 1280 3842; x_wconf 82' lang='lat' dir='ltr'><strong>lucili</strong></span> 
     </span>
     <span class='ocr_line' id='line_1_42' title="bbox 145 3859 1344 3944; baseline 0 -24"><span class='ocrx_word' id='word_1_373' title='bbox 145 3860 316 3943; x_wconf 89' lang='lat' dir='ltr'><strong>compendio</strong></span> <span class='ocrx_word' id='word_1_374' title='bbox 342 3867 435 3923; x_wconf 90' lang='lat' dir='ltr'><strong>totum</strong></span> <span class='ocrx_word' id='word_1_375' title='bbox 459 3865 605 3944; x_wconf 69' lang='lat' dir='ltr'><strong>negotium</strong></span> <span class='ocrx_word' id='word_1_376' title='bbox 628 3863 803 3943; x_wconf 74' lang='lat' dir='ltr'><strong>bansigeret.</strong></span> <span class='ocrx_word' id='word_1_377' title='bbox 843 3859 876 3920; x_wconf 83' lang='lat' dir='ltr'><strong>st</strong></span> <span class='ocrx_word' id='word_1_378' title='bbox 906 3860 999 3942; x_wconf 87' lang='lat' dir='ltr'><strong>primo</strong></span> <span class='ocrx_word' id='word_1_379' title='bbox 1029 3861 1124 3921; x_wconf 69' lang='lat' dir='ltr'><strong>cutim</strong></span> <span class='ocrx_word' id='word_1_380' title='bbox 1153 3859 1279 3921; x_wconf 83' lang='lat' dir='ltr'><strong>adventu</strong></span> <span class='ocrx_word' id='word_1_381' title='bbox 1339 3929 1344 3942; x_wconf 86' lang='lat'><strong>.</strong></span> 
     </span>
     <span class='ocr_line' id='line_1_43' title="bbox 65 3939 1279 4024; baseline 0 -23"><span class='ocrx_word' id='word_1_382' title='bbox 65 3946 71 3962; x_wconf 88' lang='lat'><strong><em>‘</em></strong></span> <span class='ocrx_word' id='word_1_383' title='bbox 145 3939 249 4024; x_wconf 82' lang='lat' dir='ltr'><strong>loseph</strong></span> <span class='ocrx_word' id='word_1_384' title='bbox 273 3940 412 4002; x_wconf 88' lang='lat' dir='ltr'><strong>deductus</strong></span> <span class='ocrx_word' id='word_1_385' title='bbox 435 3949 510 4002; x_wconf 86' lang='lat' dir='ltr'><strong>essct</strong></span> <span class='ocrx_word' id='word_1_386' title='bbox 534 3942 569 4001; x_wconf 89' lang='lat' dir='ltr'><strong>ad</strong></span> <span class='ocrx_word' id='word_1_387' title='bbox 589 3940 708 4023; x_wconf 75' lang='lat' dir='ltr'><strong>Regem.</strong></span> <span class='ocrx_word' id='word_1_388' title='bbox 731 3948 761 4000; x_wconf 83' lang='lat' dir='ltr'><strong>et</strong></span> <span class='ocrx_word' id='word_1_389' title='bbox 776 3941 911 4022; x_wconf 77' lang='lat' dir='ltr'><strong>Aegypto</strong></span> <span class='ocrx_word' id='word_1_390' title='bbox 936 3940 1104 4022; x_wconf 88' lang='lat' dir='ltr'><strong>praelectus,</strong></span> <span class='ocrx_word' id='word_1_391' title='bbox 1128 3940 1218 4000; x_wconf 88' lang='lat' dir='ltr'><strong>lacilis</strong></span> <span class='ocrx_word' id='word_1_392' title='bbox 1242 3941 1279 4001; x_wconf 88' lang='lat' dir='ltr'><strong>sd</strong></span> 
     </span>
     <span class='ocr_line' id='line_1_44' title="bbox 145 4019 1280 4100; baseline -0.003 -17"><span class='ocrx_word' id='word_1_393' title='bbox 145 4022 303 4083; x_wconf 76' lang='lat' dir='ltr'><strong>sectandum</strong></span> <span class='ocrx_word' id='word_1_394' title='bbox 323 4029 419 4082; x_wconf 89' lang='lat' dir='ltr'><strong>actum</strong></span> <span class='ocrx_word' id='word_1_395' title='bbox 439 4022 574 4081; x_wconf 85' lang='lat' dir='ltr'><strong>transitus</strong></span> <span class='ocrx_word' id='word_1_396' title='bbox 594 4030 664 4082; x_wconf 88' lang='lat' dir='ltr'><strong>erat.</strong></span> <span class='ocrx_word' id='word_1_397' title='bbox 693 4021 751 4082; x_wconf 88' lang='lat' dir='ltr'><strong>Sed</strong></span> <span class='ocrx_word' id='word_1_398' title='bbox 771 4019 821 4080; x_wconf 89' lang='lat' dir='ltr'><strong>ubi</strong></span> <span class='ocrx_word' id='word_1_399' title='bbox 840 4023 870 4080; x_wconf 88' lang='lat' dir='ltr'><strong>ln</strong></span> <span class='ocrx_word' id='word_1_400' title='bbox 882 4019 1177 4100; x_wconf 77' lang='lat' dir='ltr'><strong>carceremabrcptus,</strong></span> <span class='ocrx_word' id='word_1_401' title='bbox 1198 4023 1280 4100; x_wconf 86' lang='lat' dir='ltr'><strong>quasi</strong></span> 
     </span>
     <span class='ocr_line' id='line_1_45' title="bbox 146 4099 1369 4198; baseline -0.002 -35"><span class='ocrx_word' id='word_1_402' title='bbox 146 4105 227 4163; x_wconf 79' lang='lat' dir='ltr'><strong>entra</strong></span> <span class='ocrx_word' id='word_1_403' title='bbox 247 4101 398 4163; x_wconf 86' lang='lat' dir='ltr'><strong>bominum</strong></span> <span class='ocrx_word' id='word_1_404' title='bbox 407 4101 641 4161; x_wconf 83' lang='lat' dir='ltr'><strong>consuetudinem</strong></span> <span class='ocrx_word' id='word_1_405' title='bbox 661 4103 874 4198; x_wconf 72' lang='lat' dir='ltr'><strong>semimortuam</strong></span> <span class='ocrx_word' id='word_1_406' title='bbox 883 4103 972 4196; x_wconf 78' lang='lat' dir='ltr'><strong>vitum</strong></span> <span class='ocrx_word' id='word_1_407' title='bbox 991 4102 1062 4196; x_wconf 66' lang='lat' dir='ltr'><strong>opit.</strong></span> <span class='ocrx_word' id='word_1_408' title='bbox 1083 4099 1279 4196; x_wconf 77' lang='lat' dir='ltr'><strong>deindelongo</strong></span> <span class='ocrx_word' id='word_1_409' title='bbox 1360 4101 1369 4116; x_wconf 66' lang='lat'>⁸</span> 
     </span>
     <span class='ocr_line' id='line_1_46' title="bbox 146 4179 1281 4344; baseline 0.003 -26"><span class='ocrx_word' id='word_1_410' title='bbox 146 4187 503 4344; x_wconf 52' lang='lat' dir='ltr'><strong>tbi-‘utlibet</strong></span> <span class='ocrx_word' id='word_1_411' title='bbox 526 4179 1281 4342; x_wconf 56' lang='lat' dir='ltr'><strong>tibttcltttbl„tbttfflttttttb</strong></span> 
     </span>
     <span class='ocr_line' id='line_1_47' title="bbox 144 4339 1279 4421; baseline 0.003 -22"><span class='ocrx_word' id='word_1_412' title='bbox 144 4339 298 4421; x_wconf 83' lang='lat' dir='ltr'><strong>Propheta,</strong></span> <span class='ocrx_word' id='word_1_413' title='bbox 318 4342 355 4402; x_wconf 89' lang='lat' dir='ltr'><strong>ad</strong></span> <span class='ocrx_word' id='word_1_414' title='bbox 375 4341 415 4401; x_wconf 84' lang='lat' dir='ltr'><strong>rei</strong></span> <span class='ocrx_word' id='word_1_415' title='bbox 435 4357 575 4400; x_wconf 89' lang='lat' dir='ltr'><strong>summam</strong></span> <span class='ocrx_word' id='word_1_416' title='bbox 600 4361 659 4402; x_wconf 93' lang='lat' dir='ltr'><strong>non</strong></span> <span class='ocrx_word' id='word_1_417' title='bbox 678 4359 779 4421; x_wconf 87' lang='lat' dir='ltr'><strong>parom</strong></span> <span class='ocrx_word' id='word_1_418' title='bbox 799 4339 881 4401; x_wconf 75' lang='lat' dir='ltr'><strong>louits</strong></span> <span class='ocrx_word' id='word_1_419' title='bbox 906 4341 998 4400; x_wconf 86' lang='lat' dir='ltr'><strong>decies</strong></span> <span class='ocrx_word' id='word_1_420' title='bbox 1023 4347 1154 4400; x_wconf 88' lang='lat' dir='ltr'><strong>mortuns</strong></span> <span class='ocrx_word' id='word_1_421' title='bbox 1174 4348 1217 4402; x_wconf 84' lang='lat' dir='ltr'><strong>est</strong></span> <span class='ocrx_word' id='word_1_422' title='bbox 1237 4339 1279 4402; x_wconf 90' lang='lat' dir='ltr'><strong>lo·</strong></span> 
     </span>
     <span class='ocr_line' id='line_1_48' title="bbox 144 4417 1280 4502; baseline 0.002 -22"><span class='ocrx_word' id='word_1_423' title='bbox 144 4419 217 4502; x_wconf 86' lang='lat' dir='ltr'><strong>sepb</strong></span> <span class='ocrx_word' id='word_1_424' title='bbox 236 4423 390 4502; x_wconf 73' lang='lat' dir='ltr'><strong>antequam</strong></span> <span class='ocrx_word' id='word_1_425' title='bbox 410 4419 589 4482; x_wconf 84' lang='lat' dir='ltr'><strong>venderetur.</strong></span> <span class='ocrx_word' id='word_1_426' title='bbox 628 4417 705 4502; x_wconf 82' lang='lat' dir='ltr'><strong>Ergo</strong></span> <span class='ocrx_word' id='word_1_427' title='bbox 730 4423 814 4482; x_wconf 87' lang='lat' dir='ltr'><strong>toties</strong></span> <span class='ocrx_word' id='word_1_428' title='bbox 835 4417 915 4480; x_wconf 83' lang='lat' dir='ltr'><strong>Deus</strong></span> <span class='ocrx_word' id='word_1_429' title='bbox 934 4417 1076 4482; x_wconf 78' lang='lat' dir='ltr'><strong>Ecclesiae</strong></span> <span class='ocrx_word' id='word_1_430' title='bbox 1094 4437 1163 4481; x_wconf 86' lang='lat' dir='ltr'><strong>snae</strong></span> <span class='ocrx_word' id='word_1_431' title='bbox 1182 4439 1280 4482; x_wconf 87' lang='lat' dir='ltr'><strong>curam</strong></span> 
     </span>
    </p>

    <p class='ocr_par' dir='ltr' id='par_1_14' title="bbox 1030 4513 1042 4542">
     <span class='ocr_line' id='line_1_49' title="bbox 1030 4513 1042 4542; baseline 0 0"><span class='ocrx_word' id='word_1_432' title='bbox 1030 4513 1042 4542; x_wconf 78' lang='grc' dir='ltr'><em>Ι</em></span> 
     </span>
    </p>
   </div>
   <div class='ocr_carea' id='block_1_13' title="bbox 856 4655 950 4729">
    <p class='ocr_par' dir='ltr' id='par_1_15' title="bbox 856 4655 950 4729">
     <span class='ocr_line' id='line_1_50' title="bbox 856 4655 950 4729; baseline 0 -21"><span class='ocrx_word' id='word_1_433' title='bbox 856 4655 950 4729; x_wconf 51' lang='grc' dir='ltr'><strong>,Ὗ</strong></span> 
     </span>
    </p>
   </div>
   <div class='ocr_carea' id='block_1_14' title="bbox 0 0 1466 4886">
    <p class='ocr_par' dir='ltr' id='par_1_16' title="bbox 0 0 1466 4886">
     <span class='ocr_line' id='line_1_51' title="bbox 0 0 1466 4886; baseline 0 0"><span class='ocrx_word' id='word_1_434' title='bbox 0 0 1466 4886; x_wconf 95' lang='lat' dir='ltr'><strong> </strong></span> 
     </span>
    </p>
   </div>
  </div>
 </body>
</html>
