2890 4886
42 305 48 354 t

188 241 245 300 202
616 243 902 290 aerumnas
951 225 958 240 '

189 365 219 426 in
243 363 326 427 nobb
345 363 532 436 subsistimus,
558 361 627 424 nibil
647 371 734 426 restat
753 373 866 448 praeter
885 388 994 432 meram
1013 368 1252 450 desperationem,
1272 369 1325 429 eri-

191 445 297 526 gendas
321 463 382 509 esse
410 452 519 508 meotes
543 443 579 504 od
609 445 731 520 eoeleste
755 445 873 522 sobam,
899 447 975 510 unde
997 447 1080 510 nobis
1105 447 1184 511 Deus
1209 447 1326 509 tandem

190 544 308 586 manum
337 526 469 606 porriget.
505 521 644 604 Quisquis
672 511 850 587 mediocriter
873 525 1013 594 excitatus
1038 535 1082 592 cst
1104 529 1134 590 in
1158 529 1326 610 scripturis,

189 610 326 686 agnoscet
349 605 406 664 hoc
430 602 512 663 nobis
537 624 600 664 esse
623 604 762 684 agendum
786 608 899 685 quoties
923 609 1029 668 multae
1048 616 1155 670 mortes
1175 613 1228 670 bos
1250 606 1324 668 obsi·

65 721 68 730 ·
188 685 267 758 deut,
282 703 390 763 nempe
410 703 499 764 quum
519 701 631 764 semper
650 693 763 746 maneat
777 684 858 746 Deos
877 689 922 748 sui
941 689 1054 763 similis,
1073 707 1108 749 ac
1126 709 1163 748 ne
1183 688 1241 748 ulla
1261 689 1325 766 qui-

189 765 257 826 dem
281 757 459 826 obumbratio
484 764 513 823 io
534 783 600 823 eum
621 765 716 840 eadat,
741 765 812 826 nibil
831 767 966 848 impedire
985 769 1137 850 quominus
1157 789 1210 828 nos
1231 768 1324 828 iuvet:

132 871 134 880 ·
188 851 275 922 utque
304 843 332 904 id
358 844 515 917 facturum,
545 844 612 923 quia
637 845 754 906 verbum
778 845 915 909 babemus
938 869 999 929 quo
1023 868 1054 908 sc
1077 847 1159 912 uobis
1185 847 1325 918 denunt,

77 933 82 948 ’
188 926 255 1006 quie
278 923 444 984 memon'um
464 923 509 984 sui
528 921 606 1006 apud
624 943 678 984 uus
697 923 843 1006 deposuit,
867 947 942 1008 quaa
960 933 1086 990 sancum
1105 935 1134 988 et
1153 926 1324 1009 inseparabi-

187 1005 246 1066 lem
264 1005 429 1066 societatem
449 1004 584 1066 eontinet
707 1031 709 1036 ·
1217 1045 1222 1069 ι

265 1086 312 1146 rt.
336 1086 386 1144 Tu
404 1105 556 1164 resurges.
575 1080 654 1147 Haec
672 1083 720 1146 illu
739 1092 783 1147 est
802 1087 1004 1166 consequentia
1024 1087 1103 1148 ouius
1114 1086 1239 1162 memini,
1260 1083 1323 1144 De·

185 1183 222 1226 uu
240 1170 374 1224 aeternus
392 1169 451 1236 est,
470 1182 540 1244 ergo
559 1165 739 1228 miserebitur
758 1171 868 1228 Sionis.
909 1167 1069 1230 Aeternitas
1089 1175 1193 1241 aulem,
1214 1165 1244 1239 in
1264 1184 1325 1224 me·

185 1245 276 1308 moria
295 1249 347 1304 aut
365 1241 455 1304 verbo
474 1244 627 1325 spectanda
644 1251 699 1316 est,
720 1244 767 1305 ubi
786 1265 818 1306 se
838 1245 920 1307 nobis
940 1247 1076 1328 obligans,
1096 1247 1195 1306 salutis
1205 1251 1325 1304 nostrae

185 1323 343 1386 custodiam
367 1324 496 1403 suscipit.
535 1321 625 1384 Porro
646 1325 713 1404 quia
733 1346 793 1388 oon
811 1325 890 1388 deest
908 1328 935 1386 ei
955 1329 1095 1408 potentia,
1116 1345 1168 1386 nec
1188 1325 1250 1386 lieri
1274 1346 1325 1404 po·

185 1409 243 1464 test
267 1410 301 1462 ut
325 1403 452 1483 seipsum
476 1401 612 1485 abneget,
635 1405 795 1466 timendum
814 1425 875 1466 nou
892 1413 939 1464 est
958 1408 1028 1486 quin
1047 1426 1100 1469 suo
1120 1413 1251 1486 tempore
1271 1407 1324 1465 im-

184 1483 263 1566 plcat
286 1483 364 1564 quod
387 1483 526 1564 promisit.
565 1483 703 1546 Diximus
719 1485 785 1546 stibi
803 1488 947 1567 rurgmtdt
967 1485 1084 1546 verbum
1105 1485 1142 1546 ad
1161 1487 1252 1565 ipsam
1273 1505 1324 1544 ex·

184 1565 352 1646 pertentium
376 1563 476 1624 referri
490 1581 576 1644 ‚quae
600 1563 681 1626 uobis
701 1571 827 1644 apparet.
868 1561 1007 1642 Quamvis
1026 1566 1104 1628 coitu
1122 1565 1251 1646 qidescat
1270 1564 1324 1624 im·

184 1641 339 1716 mutabilis,
357 1643 515 1721 potentiam
534 1651 798 1718 uniuersorum,
817 1662 898 1706 susm
917 1643 1095 1706 altitudinem
1115 1643 1234 1706 externo
1255 1649 1325 1705 ueto

185 1725 236 1798 (ut
253 1723 422 1817 loquuntur)
441 1722 624 1784 demonstrat
643 1723 688 1784 Ac
698 1721 842 1804 Propheta
862 1725 977 1804 quidem
996 1723 1045 1784 ubi
1065 1723 1099 1784 de
1118 1723 1327 1784 instauratione

53 1830 57 1838 ·
186 1800 331 1864 Ecclesiae
350 1811 459 1882 agetur,
477 1803 540 1864 eius
558 1822 674 1866 musam
698 1803 752 1864 sibi
776 1805 911 1898 proponit
929 1803 986 1866 Dei
1010 1803 1246 1864 misericordiam:
1273 1799 1326 1860 sed

186 1901 251 1954 eam
276 1882 344 1944 lacit
363 1881 520 1963 duplicem,
542 1882 667 1963 ideoque
687 1883 805 1946 diversis
824 1883 918 1946 verbis
939 1885 1035 1964 utitur.
1076 1881 1165 1962 Quod
1185 1883 1221 1942 ad
1244 1882 1324 1962 prio·

186 1982 247 2024 retu
273 1961 481 2024 misericordiae
500 1965 621 2044 speciem
641 1966 755 2036 attinet,
776 1962 847 2025 baec
866 1965 926 2024 cius
946 1963 1018 2028 rutio
1038 1969 1096 2036 est,
1122 1963 1190 2042 qaia
1212 1959 1260 2022 bio
1280 1960 1325 2021 ni-

186 2041 227 2102 bil
247 2041 301 2102 loci
320 2041 425 2102 babent
443 2043 553 2114 merita,
572 2061 626 2104 uec
645 2043 760 2105 aliunde
778 2043 880 2122 adduci
901 2051 996 2124 potest
1012 2041 1091 2104 Deus
1113 2052 1144 2103 ut
1163 2039 1325 2102 Ecclesiam
1433 2048 1434 2075 ¹

186 2140 269 2182 suam
293 2119 438 2194 aedificet,
467 2140 583 2182 eausam
606 2123 693 2181 sumit
717 2143 734 2182 a
754 2124 876 2203 gratuitu
899 2143 951 2182 sua
971 2121 1104 2186 bonitate
1143 2121 1260 2182 Deinde
1280 2139 1325 2194 se·
1433 2137 1434 2144 ¹

186 2201 309 2261 eundum
339 2201 569 2261 misericordiam
589 2201 732 2278 adiungit,
757 2221 832 2282 quae
855 2202 1089 2284 promissionibus
1113 2221 1225 2262 annexa
1251 2195 1325 2274 era't,

188 2283 326 2362 Tuergo
345 2281 544 2354 mouera,
561 2290 632 2363 puio
657 2292 770 2362 tempus
787 2291 850 2344 ium
869 2285 950 2344 odeat
969 2283 1145 2362 deuepbsoito
1164 2291 1217 2343 tuo
1231 2285 1326 2361 proe-

176 2363 291 2442 fisum.
335 2360 446 2422 mursa
470 2361 619 2423 consilium
645 2359 806 2441 Prophetae
835 2361 902 2435 suit,
931 2364 1051 2422 evehere
1080 2361 1136 2422 Dei
1163 2363 1325 2422 miserioru-

185 2441 275 2516 diam,
299 2446 332 2499 ut
350 2441 454 2502 scireut
472 2440 571 2501 fideles
591 2443 620 2501 in
640 2461 672 2502 ea
693 2443 753 2502 solu
772 2441 909 2501 inclusam
930 2461 990 2501 csse
1011 2459 1092 2500 suam
1111 2439 1242 2501 salutem.
1264 2437 1325 2498 Sed

183 2523 241 2582 iam
260 2517 413 2580 videndum
432 2527 478 2582 est
497 2520 642 2600 quodnam
663 2529 774 2602 tempus
793 2521 938 2602 intelligat.
969 2525 1065 2590 'tutu
1085 2523 1161 2582 enim
1182 2518 1324 2579 Hebraeis

185 2601 245 2663 dies
270 2620 370 2662 omnes
393 2602 484 2660 statos
508 2601 556 2662 vel
579 2600 727 2662 condictus
751 2599 897 2680 significat.
943 2598 1021 2681 Ergo
1047 2621 1106 2664 nun
1130 2599 1251 2660 dubium
1278 2604 1326 2658 est

185 2683 237 2764 qui
260 2681 393 2760 respiciat
418 2679 455 2740 ad
480 2681 646 2740 vaticinium
666 2680 798 2742 ieremias
823 2679 1274 2760 quodlegituroapit029,1‘.t.
1296 2683 1327 2736 et

183 2762 322 2840 repetitur
336 2759 452 2820 secundi
465 2759 529 2821 libri
540 2759 748 2821 chronicorum
769 2759 868 2820 ultimo
879 2779 941 2840 cup.
963 2779 1035 2820 vers.
1048 2763 1095 2824 10.
1116 2757 1230 2820 Fideles
1242 2757 1323 2818 euim

183 2863 222 2904 ne
245 2843 275 2902 in
300 2842 361 2920 ipsa
384 2839 570 2902 diuturnitate
595 2841 739 2902 maurum
761 2839 928 2914 delicerent,
954 2839 1118 2900 recumbere
1138 2839 1274 2918 oportuit
1294 2837 1325 2894 in

183 2945 199 2983 s
237 2942 266 2980 ιιι
285 2921 377 2993 illam,
401 2919 488 2982 iiuem
511 2920 543 2980 iu
560 2919 648 2980 exilio
667 2920 754 2980 luisse
778 2917 911 2980 divinitus
935 2919 1113 3022 impositum,
1137 2938 1176 2978 nc
1202 2917 1325 2978 duraret

242 3021 259 3062 a
285 3001 471 3080 septuaginta,
488 3018 589 3060 annos.
627 2997 666 3060 Et
691 2999 820 3060 videmus
840 2997 989 3058 Danielem
1013 3000 1044 3060 io
1069 2998 1123 3058 bac
1147 2997 1326 3078 cogitatione

183 3085 272 3145 fuisse
306 3087 465 3154 versatum,
499 3100 590 3161 quum
619 3080 729 3160 precari
759 3099 811 3158 pro
841 3076 984 3138 Ecclesiae
1012 3079 1193 3157 reperatione
1225 3073 1326 3156 vellet,

158 3165 261 3230 ,Dan
281 3164 309 3234 9,
330 3165 357 3222 2.
398 3157 462 3220 Hoc
480 3178 598 3241 quoquc
616 3159 703 3220 modo
722 3178 801 3220 nuuc
820 3157 981 3237 Prophetae
1001 3158 1151 3217 eonditum
1171 3155 1239 3228 luit,
1260 3174 1324 3234 quo

184 3265 216 3306 aa
241 3251 270 3302 et
294 3227 364 3301 elida
383 3241 522 3302 animaret
540 3238 577 3299 ad
596 3239 735 3318 intrepide
755 3237 909 3310 orandum,
933 3221 1044 3298 celebra
1062 3236 1134 3296 illud
1153 3237 1327 3296 vaticinium

183 3325 250 3386 Deo
275 3321 416 3401 prolerre,
444 3325 479 3380 ut
506 3321 588 3382 triste
616 3319 733 3378 exilium
763 3317 865 3376 finiret.
904 3313 942 3379 Et
968 3335 1038 3376 sane
1062 3317 1117 3376 uisi
1137 3317 1167 3374 in
1188 3313 1327 3395 precibus

183 3421 299 3483 sensper
321 3399 402 3462 nobis
428 3405 583 3460 occurrant
601 3396 656 3458 Dei
680 3399 906 3477 promissiones,
919 3402 985 3455 vota
1005 3397 1088 3474 quusi
1106 3395 1204 3456 tumor
1225 3395 1256 3452 in
1278 3400 1326 3454 ab·

183 3503 246 3547 rem
265 3483 412 3541 iacmmus.
451 3477 544 3538 Simul
569 3477 725 3538 notandum
750 3483 807 3547 est,
831 3475 962 3553 quamvis
986 3493 1078 3554 appro
1099 3477 1250 3553 inquaret,
1277 3473 1326 3532 val

183 3569 242 3628 iam
267 3561 416 3642 impletum
438 3565 514 3620 esset
538 3565 650 3634 tempus
670 3555 872 3633 redemptionis
912 3554 1060 3626 remissae,
1078 3496 1261 3633 Drophetam
1282 3559 1327 3612 ta·
1412 3611 1414 3614 .

184 3663 251 3706 meu
271 3659 329 3700 non
349 3658 459 3698 cessam
477 3657 495 3696 a
514 3638 655 3716 precibus,
676 3635 711 3694 ad
732 3652 802 3712 ques
821 3652 876 3693 nos
925 3651 975 3692 eus
995 3629 1084 3692 verbo
1103 3650 1157 3694 suo
1169 3627 1327 3692 sollicitat:

184 3722 316 3805 quamvis
334 3720 420 3778 etiam
439 3724 553 3796 tempus
571 3722 643 3774 esset
664 3711 836 3784 condictum,
855 3713 896 3772 sic
915 3710 1011 3775 Deum
1030 3713 1156 3792 appellat
1177 3709 1330 3790 Propheta

184 3807 221 3866 da
245 3822 298 3862 sno
318 3804 415 3880 paeto,
440 3803 473 3856 ut
497 3794 650 3872 contugere
674 3793 711 3852 ad
735 3810 843 3850 meram
862 3791 922 3850 eius
943 3789 1097 3851 bonitatam
1117 3813 1177 3850 non
1198 3789 1330 3852 desindt:

66 3883 70 3894 '
184 3883 253 3965 quia
272 3877 474 3961 promissiones
492 3873 596 3954 quibus
615 3873 702 3934 tidem
720 3889 802 3930 suam
821 3869 980 3950 obstringit,
999 3873 1060 3930 cias
1073 3873 1194 3952 gratiam
1201 3873 1331 3934 minime

184 3964 416 4112 ‘'muddssdsu
435 4035 575 4114 dibeat
613 4029 678 4090 ttae
702 4027 739 4090 sd
759 4026 870 4106 cyma
894 4034 922 4088 Β*
942 4025 1063 4088 natum
1088 4029 1222 4108 mutnet
1244 4050 1331 4108 ΡΜ·

183 4139 236 4184 sus
254 4123 383 4212 ineptum
403 4120 460 4172 est:
479 4131 515 4171 ac
533 4110 620 4248 mppr
640 4109 779 4205 quosdam
798 4126 836 4178 eu
855 4108 960 4168 nesbis
974 4107 1146 4246 pauslntri'gido
1157 4118 1332 4204 commento

186 4189 887 4357 :titututltiltttt,stituit
893 4193 1334 4342 destitisset?

186 4361 255 4441 qnia
279 4373 331 4436 per
355 4371 457 4414 aarum
481 4368 598 4412 manum
617 4347 783 4430 exsequitur
801 4363 854 4408 suu
872 4345 988 4407 indicias
1011 4345 1071 4408 imo
1097 4313 1191 4408 lateor
1212 4345 1334 4426 Cyrum

593 4625 602 4660 t
