2874 4888
510 265 845 372 sarsinaten
921 293 931 306 '
1092 283 1093 290 '
1195 299 1248 358 15⁷
1335 279 1343 292 ’

15 403 16 482 l
99 429 289 490 considerate
310 427 425 508 quidam
444 423 580 497 natatui,
601 423 693 485 Adam
718 421 802 484 baim
822 421 927 482 Psalmi
947 429 1093 484 auctorem
1113 423 1246 488 essedin·
1331 489 1334 496 .

15 591 17 628 p
99 515 186 594 gant
208 505 302 588 Quasi
322 527 392 567 vero
412 506 544 566 credibile
563 505 600 564 sit
618 511 750 586 posteros
770 510 869 564 eontra
888 521 954 563 enm
973 505 1167 566 insurrexisse.

512 607 520 630 „
658 594 661 606 ,

67 660 89 694 Ι

201 745 253 812 13.
286 742 394 810 Iustus
420 740 510 832 quasi
536 739 641 832 palma
667 739 805 825 llorebit,
829 747 982 832 bnqnam
1010 741 1177 810 cedrus‘in
1199 743 1249 811 Li·

103 853 194 918 bano
222 849 453 941 propagabitur.
501 845 553 916 14.
585 845 719 916 Plantati
745 848 779 916 in
806 847 903 914 domo
924 845 1076 932 lehovae,
1107 848 1140 915 in
1163 850 1247 918 atriis

103 957 174 1024 Dei
201 956 303 1023 nostri
324 955 497 1022 florebunt:
542 953 595 1021 15.
629 951 744 1020 Adhuc
770 952 1003 1045 germinabunt,
1029 953 1063 1020 in
1085 947 1248 1024 senectute

104 1065 247 1156 pingues
268 1073 302 1130 et
322 1062 438 1128 virides
459 1069 566 1128 erunt:
612 1059 665 1128 16.
698 1059 743 1124 Ut
764 1061 951 1128 annuntient
972 1060 1061 1152 quod
1081 1072 1185 1130 rectus
1207 1065 1249 1132 sit

106 1169 241 1252 lebera,
263 1189 361 1260 rupes
381 1191 462 1250 msa,
483 1177 516 1234 et
536 1187 603 1233 nou
625 1167 666 1234 sit
686 1165 834 1256 imquitas
854 1166 888 1232 in
911 1189 960 1236 eo.

191 1315 241 1375 13.
262 1315 366 1374 Irrstua
384 1319 470 1394 praei
483 1313 598 1392 palma.
636 1309 753 1370 Transit
770 1329 872 1406 rursus
889 1309 924 1370 ad
945 1327 1125 1374 communem
1145 1312 1248 1378 doctri-

107 1393 418 1544 lil‘salllllail
438 1391 893 1546 titttmllltatttmttlt
912 1394 1249 1536 {tirannidis

110 1557 180 1614 dere
201 1573 233 1612 se
253 1571 354 1612 eorum
374 1571 434 1610 non
454 1570 515 1609 esse
535 1549 664 1608 oblitum.
703 1548 764 1608 Nee
786 1551 890 1610 mirum
915 1557 958 1612 est
980 1559 1041 1611 tam
1065 1561 1197 1614 accurate
1215 1557 1247 1615 in

109 1634 168 1694 boe
193 1633 286 1712 eapite
311 1622 454 1692 doctrinae
478 1630 606 1689 insistere
629 1627 816 1709 propnetam:
847 1632 913 1710 qnia
938 1631 1007 1691 nihil
1031 1631 1173 1692 dilfieilius
1202 1640 1248 1695 est

110 1729 198 1794 quam
219 1713 355 1785 Sanctae,
380 1710 448 1768 dum
468 1709 572 1768 similes
591 1715 660 1768 sunt
678 1711 813 1782 mortuis,
837 1716 866 1770 et
885 1713 943 1770 vita
962 1731 1061 1771 eorum
1082 1713 1247 1776 abscondita

110 1803 162 1868 est,
184 1793 220 1852 de
240 1791 444 1850 instauratione
463 1788 535 1847 bene
555 1807 677 1870 sperare.
709 1785 796 1865 Quod
816 1789 845 1847 iu
866 1787 956 1850 cedris
974 1790 1158 1871 fragrantiam
1178 1792 1246 1852 boni

112 1874 224 1932 odoris:
255 1873 284 1930 in
305 1869 422 1950 palmis,
442 1869 551 1928 fructus
571 1868 748 1928 dulcedinem
768 1870 862 1928 notari
882 1869 997 1950 quidam
1016 1879 1131 1951 putant:
1160 1874 1247 1933 nimis

109 1953 186 2014 forte
206 1949 309 2012 subtile
329 1955 380 2008 est.
421 1947 584 2028 Simplicius
604 1955 656 2020 est,
676 1949 807 2027 quamvis
828 1948 863 2006 ad
883 1957 997 2030 tempus
1016 1950 1063 2009 vel
1083 1955 1249 2012 exacuerint

110 2033 160 2092 vel
178 2033 265 2092 etiam
275 2029 387 2116 ,succisi
407 2027 525 2104 luerint,
554 2028 674 2086 collecto
699 2046 777 2087 noro
797 2029 896 2106 vigore
915 2049 951 2087 ex
970 2031 1081 2109 integro
1102 2038 1246 2092 senectu-
1274 2061 1281 2074 ·

109 2131 173 2172 ross
197 2117 231 2170 ut
251 2130 309 2170 non
329 2109 432 2168 minori
451 2108 621 2202 praestantia
640 2113 669 2166 et
689 2107 824 2244 sligpitate
842 2109 872 2166 in
891 2105 1018 2166 Ecclesia
1038 2107 1093 2168 Dei
1112 2111 1245 2186 floreant,

111 2190 409 2348 natitant
424 2183 1166 2348 ttttttttttal‘tlaltttt'sstlt
1184 2207 1246 2330 tt:

113 2348 200 2408 modo
245 2350 292 2406 uia
316 2343 413 2407 locum
437 2345 495 2404 illic
518 2351 659 2424 occupent
684 2343 777 2424 (qnod
802 2344 959 2424 hypocritis
982 2349 1066 2406 etiarn
1093 2367 1246 2408 commune

113 2431 170 2502 est)
194 2369 249 2487 sel.
265 2428 331 2506 qnia
351 2426 424 2486 vivis
443 2423 688 2496 radicibusaetis,
714 2423 826 2504 penitus
849 2423 908 2483 illic
926 2424 983 2482 sint
1002 2425 1102 2498 defiat,
1126 2435 1169 2488 ut·
1178 2426 1245 2488 Deo

112 2507 291 2567 adhaereant.
312 2505 412 2584 Quum
432 2503 467 2564 de
486 2502 713 2582 atriisloquitur,
733 2503 833 2562 alludit
851 2502 887 2562 ad
906 2502 1028 2564 formam
1049 2508 1155 2586 templi,
1175 2509 1244 2587 quia

112 2588 180 2648 solia
199 2587 287 2645 Sacer
315 2584 401 2644 atibus
420 2583 521 2643 licebat
540 2583 649 2662 ingredi
668 2581 879 2654 sanctuarium,
898 2583 979 2663 plebs
999 2591 1093 2644 autem
1112 2606 1151 2646 ex
1170 2589 1244 2647 atrio

112 2665 255 2726 adorabat.
304 2667 357 2724 ero'
372 2666 469 2744 itaque
487 2669 517 2722 et
534 2663 669 2722 interiore
688 2662 781 2722 cordis
799 2662 903 2722 ellectu
922 2664 1088 2724 coniunctos
1107 2665 1245 2726 esssDeo

111 2745 242 2826 intelligit
261 2746 359 2824 quiin
379 2746 439 2802 eius
459 2743 545 2802 domo
564 2743 686 2822 plantati
703 2748 783 2800 suut:
812 2741 934 2822 ideoque
958 2743 1066 2803 lluaam
1086 2763 1185 2805 eorum
1203 2746 1242 2807 le·

112 2827 247 2886 licitatenr
267 2827 328 2884 lore
347 2829 441 2902 negat,
461 2824 605 2901 quianon
625 2821 765 2902 dependet
783 2839 800 2880 a
819 2822 938 2882 mundo.
977 2821 1078 2903 Neque
1096 2827 1171 2884 enim
1191 2826 1244 2886 slu-

111 2906 189 2966 bium
210 2912 254 2964 est
273 2905 343 2984 quin
361 2903 455 2962 radice
473 2905 502 2960 io
517 2903 596 2962 atriis
607 2901 662 2961 Dei
677 2902 776 2975 locata,
795 2902 871 2962 istud
891 2903 993 2963 llorere
1012 2903 1047 2963 ad
1068 2905 1244 2984 spiritualem
1281 2963 1283 2968 ,

112 2995 140 3046 ct
158 2992 302 3044 aeternam
320 2983 409 3042 vitam
428 2980 572 3042 extendat.
612 2980 681 3059 Quo
698 2987 792 3041 'sensu
811 2982 879 3042 dicit
897 2984 994 3044 adbuc
1010 2993 1244 3066 germinatum,

112 3077 138 3127 es
157 3071 363 3138 insonante,
384 3081 458 3140 quae
477 3079 593 3121 succum
613 3068 643 3120 et
661 3061 789 3120 nativum
804 3061 954 3124 humorem
969 3063 1098 3137 desiccat,
1116 3075 1245 3148 pingues

110 3149 187 3226 sore.
213 3141 335 3203 Perinde
354 3143 429 3202 euim
449 3147 493 3200 est
511 3142 570 3200 acsi
589 3159 639 3200 eos
659 3159 675 3198 a
695 3143 840 3203 communi
860 3143 981 3202 aliorum
1001 3149 1079 3203 sorte
1097 3148 1245 3221 eximeret,

111 3230 169 3286 imo
180 3225 269 3284 vitam
284 3241 384 3292 eornm
398 3229 534 3282 assereret
549 3238 566 3279 a
580 3221 725 3280 communi
744 3227 862 3279 naturae
881 3220 951 3300 lege.
972 3221 1014 3281 lta
1024 3221 1126 3282 lessius
1136 3227 1184 3299 65,
1192 3229 1243 3288 20.

112 3305 147 3364 de
170 3302 315 3363 Ecclesiae
333 3303 521 3376 renovatione
535 3298 681 3380 loquens,
710 3299 779 3360 dicit
801 3301 830 3358 in
857 3299 906 3359 illo
930 3300 1015 3360 beato
1039 3307 1115 3362 statu
1144 3324 1244 3366 senem

111 3393 225 3444 cautum
245 3401 385 3442 annorum
404 3381 524 3440 similem
543 3379 605 3439 lore
623 3398 728 3460 puero:
748 3377 908 3457 significans
927 3382 1058 3460 quamvis
1078 3385 1244 3444 naturaliter

112 3465 147 3524 ad
175 3462 323 3523 interitum
351 3460 466 3520 inclinet
495 3466 638 3532 senectus,
664 3465 696 3519 ut
720 3459 758 3518 sit
782 3459 841 3519 lere
860 3461 1060 3520 semimortuus
1080 3464 1129 3540 qui
1149 3471 1242 3524 cente·

111 3545 214 3602 simum
238 3561 344 3602 annum
370 3541 475 3620 attigit,
503 3537 564 3598 sub*
581 3557 670 3618 regno
690 3537 797 3598 Christi
821 3539 932 3598 initium
955 3540 1044 3600 seculi
1067 3540 1130 3602 lore
1148 3543 1244 3624 pueri·

111 3626 193 3694 bem,
218 3629 248 3682 et
260 3620 381 3680 -siveodi
400 3621 521 3680 initium.
560 3615 649 3696 Quod
668 3637 727 3678 nou
746 3617 827 3678 aliter
844 3618 992 3700 impletur,
1005 3621 1070 3680 ruisi
1090 3623 1156 3701 quia
1175 3629 1243 3703 post

110 3709 231 3764 mortem
250 3720 348 3777 snmus
367 3701 397 3760 in
417 3699 499 3758 coelo
518 3699 692 3780 superstites.

188 3784 236 3844 16.
271 3783 311 3840 Ur
335 3787 519 3840 aerumnas.
558 3776 694 3838 Clausala
717 3775 788 3838 baec
812 3779 989 3858 apertissime
1017 3780 1181 3854 coufirmat,
1209 3780 1241 3842 iu

110 3861 164 3922 boc
177 3867 271 3921 totum
286 3879 348 3919 esse
358 3857 541 3939 Prophetaru,
560 3865 592 3916 ut
606 3859 636 3916 in
650 3857 734 3916 rebus
754 3857 923 3932 turbulentis
943 3863 1133 3941 compositum
1147 3859 1241 3920 ‚animi

109 3947 213 4000 abtum
233 3941 373 4000 retineant
390 3937 502 3999 fideles:
522 3943 550 3995 et
570 3937 701 4017 quamvis
720 3955 751 3995 se
770 3937 878 4001 duriter
897 3946 927 4000 et
946 3957 1046 4020 aspere
1065 3942 1179 4000 tractari
1197 3941 1239 4000 vta

110 4021 201 4094 deant,
220 4019 357 4100 reprobos
376 4037 446 4078 vero
466 4017 552 4098 potiri
571 4017 672 4096 opibus
692 4035 727 4074 ae
740 4018 876 4097 imperiis,
895 4025 1012 4100 vegetos
1031 4037 1102 4094 esse,
1121 4018 1241 4080 allidere

109 4099 213 4160 deliciis
232 4105 263 4160 et
281 4097 449 4158 bonoribus:
475 4097 616 4176 patienter
633 4103 809 4177 exspectent,
832 4098 902 4158 dum
922 4104 1082 4180 opportune
1107 4098 1239 4158 discussis

108 4179 229 4239 tenebris
253 4177 381 4238 lucidmn
406 4182 435 4236 et
454 4177 618 4238 distinctum
637 4175 766 4237 ordinem
786 4175 867 4238 Dens
885 4183 1025 4238 restituat.
1064 4175 1239 4238 Nominatim

109 4259 187 4333 dicit,
217 4260 254 4319 ad
279 4255 507 4317 annuntiandum
531 4259 611 4338 parad
631 4265 729 4320 redas
752 4265 808 4318 att.-
836 4258 983 4338 quianisi
1009 4275 1054 4316 res
1078 4257 1177 4316 mundi
1199 4257 1239 4318 sd

108 4347 204 4401 votum
223 4344 355 4401 nostrum
375 4342 553 4417 attemperet,
572 4353 640 4397 caro
659 4343 759 4400 nostra
775 4356 834 4400 uon
854 4336 949 4400 solum
967 4337 1138 4420 imaginatur
1155 4344 1253 4400 mun·
