2862 4888
122 283 208 380 ,ω’
435 323 438 332 ’
590 319 877 367 scauriana

167 463 223 530 gua
298 445 373 523 idam
403 445 439 507 ad
473 443 610 508 miracula
639 447 831 528 restringunt,
870 447 975 528 quibas
1009 437 1078 507 olim
1113 451 1233 508 testatas
1261 445 1307 508 lh·

167 535 254 588 erat·
291 547 342 588 eus
379 527 487 610 populo
523 545 609 607 quem
643 527 799 607 affligebat,
841 545 874 587 sa
908 525 1010 606 adhuc
1036 525 1099 586 lore
1137 528 1306 608 propitiam.

166 608 257 687 Atqui
289 608 386 667 *otius
420 615 579 686 queruntur
614 606 711 668 lideles
751 606 844 666 ablata
883 605 936 670 sibi
975 623 1038 666 esse
1075 607 1155 686 signa
1190 609 1307 687 gratiae,

166 686 246 768 qnod
328 706 361 745 ns
394 687 496 745 faciem
531 703 612 746 suam
647 685 860 768 quodammodo
894 685 1093 746 absconderit:
1138 687 1197 746 acsi
1231 685 1306 746 dioe-

166 773 230 828 reat
256 785 287 827 se
311 764 433 826 tenebris
457 780 519 824 csse
538 764 679 841 obrutus,
696 768 763 848 quia
787 764 869 825 Deus
897 781 951 846 pro
964 779 1055 826 'more
1079 783 1139 826 non
1163 764 1309 846 affulgeat,

166 845 409 926 quemadmodum
438 844 527 924 vulgo
557 845 675 905 dicimus
701 847 782 926 signa
806 844 868 906 dari
892 845 940 905 vel
954 845 1068 906 'amoris
1092 845 1140 904 vel
1165 845 1231 904 odii.
1272 845 1306 904 ln

165 925 277 986 summa
304 928 462 1004 queruntur
486 943 546 984 non
571 923 659 984 modo
684 925 849 986 nubilosum
874 939 936 984 ease
960 930 1074 1005 lempna
1093 929 1122 984 et
1140 923 1330 1000 obscuram„

165 1005 215 1065 sed
241 995 389 1064 seducere
413 1004 443 1062 in
466 1000 562 1063 densis
581 1003 719 1078 tenebris,
744 1009 776 1064 at
795 1024 832 1064 ne
851 1003 971 1065 scintilla
1012 1003 1106 1063 uidem
1125 1003 1198 1064 lucis
1218 1023 1306 1086 appa-

165 1089 235 1144 reat.
277 1081 355 1160 Quia
378 1087 474 1141 auten
499 1084 684 1164 praecipuum
703 1103 741 1144 ex
764 1085 946 1164 rignissent,
971 1023 1160 1222 abruptae
1179 1083 1307 1144 laturam

166 1162 361 1242 liberationem
381 1163 517 1242 promitti,
537 1162 602 1224 ideo
622 1163 753 1245 deplorat
771 1183 832 1224 uon
851 1181 914 1224 csse
935 1163 1055 1244 amplius
1091 1161 1240 1242 rophetam
1256 1163 1307 1244 qai

166 1229 252 1301 lin'em
274 1241 402 1320 aliquem
426 1241 508 1300 malis
532 1241 706 1324 praevideat.
746 1241 829 1304 Unde
853 1241 1014 1322 colligimus
1039 1242 1197 1302 iniunctum
1218 1243 1307 1301 inisse

166 1320 367 1380 consolationis
386 1337 491 1383 munus
501 1319 662 1418 Prophetis,
682 1327 716 1382 ut
735 1341 787 1403 spe
805 1322 1024 1394 misericordiae,
1043 1321 1154 1380 animos
1173 1339 1306 1382 moerore

39 1429 45 1440 ·
166 1399 307 1482 collapsas
332 1399 481 1480 erigerent.
521 1399 634 1462 Sarnus
657 1401 775 1482 quidem
798 1419 953 1483 praecones
978 1399 1066 1462 luisse
1085 1406 1225 1462 ac'testes
1245 1401 1306 1460 irae
1383 1463 1391 1472 ,

166 1477 236 1552 Dei,
263 1485 297 1539 nt
321 1478 495 1560 praefractos
519 1498 555 1541 ac
579 1479 698 1541 rebelles
717 1481 801 1542 nimis
820 1487 850 1540 et
869 1480 1025 1542 terroribus
1044 1479 1081 1542 ad
1100 1480 1304 1559 poenitentiam
1429 1489 1430 1542 i

165 1565 314 1638 cogerent:
340 1577 441 1618 verum
460 1559 485 1618 si
504 1561 630 1640 praecise
649 1561 861 1621 denuntiassent
880 1560 1033 1622 vindictam
1054 1558 1123 1636 Dei,
1143 1560 1255 1620 nonnisi
1275 1561 1305 1618 in

164 1640 285 1698 exitium
305 1639 435 1699 cessisset
453 1657 555 1699 earum
574 1640 718 1715 doctrina,
738 1658 812 1720 qnae
824 1646 927 1714 ,tamen
946 1641 977 1699 in
995 1639 1096 1722 populi
1115 1639 1236 1699 salntem
1256 1637 1305 1699 de·
1429 1679 1430 1686 ι

165 1719 281 1792 sunan·
295 1723 365 1777 erat.
409 1714 477 1777 ldec
500 1717 556 1777 illis
581 1719 715 1780 tribuitur
737 1715 894 1800 praedictio
919 1721 1012 1780 exitus
1036 1719 1139 1779 lutaris
1164 1720 1231 1798 quia
1251 1716 1328 1794 sarh,

169 1796 271 1886 poenis
292 1791 496 1874 temporalibus
514 1799 688 1893 propopitnr
707 1797 890 1880 patemaDei
910 1799 1064 1879 castigatio,
1083 1817 1156 1878 quae
1164 1797 1307 1892 tristitiam
1429 1807 1430 1818 ¹

154 1879 294 2036 ,attat
314 1882 1306 2037 „tt¹¹⁰¹„tt't‘t‘ttatttatttttttttttt„t‘tttt

73 2097 81 2116 s
165 2045 246 2101 nans,
266 2027 389 2091 abinoe
439 2049 490 2090 ens
510 2034 643 2114 castigat,
668 2035 809 2096 dbcamm
828 2035 864 2094 ad
884 2035 967 2095 istam
988 2036 1305 2114 moderationemque

165 2125 220 2166 nos
240 2105 322 2168 Dtns
341 2108 378 2166 ad
397 2124 478 2190 spem
497 2111 616 2190 invitm,
642 2114 741 2174 oeulos
760 2114 920 2175 intenderet
946 2121 1034 2194 alque
1053 2115 1119 2174 inde
1138 2120 1306 2188 statuamus,

165 2184 262 2268 Deqm
287 2189 328 2246 ita
351 2188 437 2248 irasci
463 2197 578 2254 utnon
603 2191 712 2253 desinat
735 2200 831 2252 tamm
856 2213 918 2254 esse
937 2201 1027 2274 pater.
1068 2193 1216 2254 correctio
1235 2212 1307 2254 vero

166 2283 240 2346 quae
257 2266 381 2328 salntem
398 2268 491 2341 allen,
511 2270 646 2332 laetitiam
666 2275 793 2333 continet
810 2273 903 2334 dolori
917 2274 1077 2336 admistam.
1096 2273 1142 2336 Ad
1153 2273 1229 2334 hunc
1245 2292 1307 2332 sco·
1429 2345 1430 2348 Ἴ

165 2363 237 2426 pum
263 2345 422 2430 doctrinam
446 2367 529 2410 suam
549 2351 685 2432 dirigere,
710 2352 861 2434 Prophetis
887 2353 1018 2414 omnibus
1039 2372 1123 2414 curae
1141 2354 1203 2414 fuit.
1243 2349 1307 2412 Etsi

164 2425 242 2484 enias
260 2443 361 2485 serere
381 2445 415 2486 ae
434 2426 544 2490 duriter
552 2451 648 2512 ⁵saepe
658 2439 755 2512 egunt,
766 2439 810 2510 ¹nt
819 2433 919 2514 populi
930 2435 1135 2495 contumaciam
1146 2438 1224 2492 meta
1237 2430 1305 2490 snb·

166 2503 259 2583 tgantt
285 2502 335 2584 uhi
360 2511 456 2565 tamen
502 2517 639 2572 rostratas
663 2512 793 2580 homines
812 2513 924 2574 vident:
944 2533 1014 2574 mox
1032 2511 1185 2572 subiiciunt
1204 2529 1306 2570 conso-
1429 2533 1430 2540 ¹

164 2583 317 2656 lationem,
341 2603 417 2663 qnae
442 2605 461 2644 n
493 2589 521 2650 la
545 2598 622 2650 esset
645 2593 708 2652 sins
730 2612 782 2674 spe
806 2593 920 2653 laturae
940 2592 1120 2653 liberationis.
1162 2589 1306 2650 Obiieitnr

165 2668 262 2722 tamen
281 2666 426 2742 quaesh'o,
451 2665 499 2725 An
518 2666 599 2730 Deus
619 2672 747 2752 mitigare
766 2673 911 2732 tristitiam
930 2671 1029 2733 volens
1048 2671 1078 2730 in
1097 2672 1157 2732 suis
1177 2669 1307 2751 flagellis,

165 2759 256 2802 annos
275 2749 306 2800 et
325 2742 385 2802 diss
404 2761 518 2826 semper
535 2751 735 2811 numeraverit.
759 2749 952 2835 Respondete,
971 2769 1135 2832 quanquam
1154 2771 1214 2812 nou
1234 2767 1306 2809 scm·
1429 2787 1430 2820 ι

166 2823 1308 2992 aratatrattati‘tatttrttatsasa,astraea
1429 2871 1430 2924 ι

164 2981 223 3038 siae
242 2979 430 3042 restitutione.
470 2981 569 3066 Siquis
589 3009 703 3052 rursum
721 2991 855 3072 excipiat,
875 3006 1025 3072 perperam
1045 2991 1144 3052 iecisse
1165 2990 1306 3072 populum

166 3059 315 3134 strictam,
335 3061 412 3140 quod
433 3067 578 3144 generales
597 3071 797 3149 pmnrissiones
816 3071 853 3131 ad
872 3089 904 3130 se
923 3090 982 3132 non
996 3069 1136 3136 traheretr
1156 3077 1307 3152 qnas'eer·

165 3145 230 3198 tum
247 3145 299 3232 'est
316 3157 483 3203 commoneo
502 3145 590 3208 inisse
609 3149 740 3210 omnibns
760 3151 875 3210 seculis:
896 3150 1066 3232 respondeo,
1105 3144 1206 3228 Quum
1225 3148 1308 3213 Deus

12 3235 18 3242 ·
89 3269 95 3275 .
169 3216 206 3276 ad
231 3218 356 3296 singulas
381 3220 549 3286 afflictiones
567 3227 720 3318 adiungere
739 3228 846 3290 soleret
864 3230 1070 3310 redemptionis
1084 3231 1233 3305 nuntium,
1257 3227 1308 3288 nbi

112 3345 114 3352 .
167 3315 249 3356 nnnc
267 3299 363 3358 nullus
386 3298 530 3384 Propheta
550 3307 616 3367 deta
634 3325 722 3388 opera
741 3311 845 3370 missus
864 3316 998 3392 apparet,
1016 3329 1076 3370 non
1094 3309 1145 3369 aba
1165 3329 1196 3368 re
1215 3327 1307 3402 popu·

33 3428 37 3436 .
166 3377 228 3436 lum
249 3379 394 3516 conqueri,
413 3384 493 3462 signa
513 3389 619 3464 gratim
638 3387 741 3467 quibus
761 3395 890 3449 assuetas
909 3395 980 3465 mat,
1001 3387 1129 3450 delicere.
1150 3387 1216 3448 Fuit
1229 3407 1308 3447 earm

167 3475 259 3535 usque
284 3475 300 3551 q
340 3455 447 3521 Christi
470 3463 626 3526 adventum
646 3467 774 3549 apprime
794 3470 1002 3544 neeessariam,
1027 3468 1144 3548 singulis
1163 3465 1306 3528 aetatibus

166 3553 299 3631 repovan
314 3542 480 3632 ‘promissae
503 3543 677 3607 liberationis
700 3550 883 3622 memoriam,
908 3555 941 3610 ut
964 3549 995 3608 in
1018 3565 1077 3610 nna
1102 3565 1216 3629 quaque
1234 3545 1307 3606 ailli-

166 3621 262 3676 caune
282 3624 388 3678 sarem
406 3619 505 3684 fideles
523 3625 619 3686 adhue
638 3645 669 3686 ee
687 3645 705 3687 a
726 3624 792 3688 Deo
811 3630 923 3710 respici.
1264 3631 1266 3635 “
1335 3651 1338 3658 ’

249 3698 298 3759 1⁰·
320 3701 477 3785 0¹⁸quoe
496 3707 587 3766 Dans.
608 3703 778 3786 Significant
801 3708 881 3768 nullo
900 3727 933 3768 se
951 3706 1052 3768 dolore
1071 3708 1160 3788 magis
1180 3705 1311 3782 cruciari,

168 3792 256 3854 quam
276 3773 346 3835 damu
365 3778 464 3841 vident
483 3783 656 3846 nomenDei
674 3790 837 3868 expositum
857 3807 918 3848 esse
937 3787 1091 3869 impiorum
1102 3786 1233 3869 probris.
1257 3783 1310 3848 at-

170 3852 306 3948 quc-hac
332 3861 467 3937 precandi
493 3862 586 3924 lomna
611 3866 704 3927 aelam
729 3866 897 3928 asserendas
916 3865 973 3927 Dei
997 3865 1103 3948 gloriae
1127 3869 1157 3927 in
1177 3864 1309 3926 cordibus
1429 3897 1430 3936 ι

168 3939 274 4028 apstrrs
293 3937 448 4000 accendere
467 3943 568 4003 voluit.
589 3941 627 4004 lit
646 3952 724 4006 certe
744 3965 834 4025 qnam
854 3947 1023 4008 naturaliter
1042 3947 1080 4006 ad
1098 3947 1174 4010 mala
1192 3945 1307 4006 ferenda
1429 3995 1430 4002 ,

169 4031 254 4072 urmes
274 4013 388 4078 delicati
406 4020 495 4082 aimus
514 4041 549 4084 ac
568 4025 680 4102 molles,
700 4024 756 4084 hoc
775 4045 876 4086 aarum
896 4027 1111 4108 estpietalisex
1132 4028 1309 4098 erimantum,
1429 4065 1430 4080 ι

170 4092 195 4152 si
219 4111 273 4188 pos
296 4097 386 4234 mppis
411 4102 470 4160 un't
489 4120 524 4162 ac
548 4109 665 4186 torquet
684 4103 741 4165 Dei
765 4105 952 4182 contumelia,
983 4125 1071 4187 quam
1095 4049 1231 4187 qbiequid
1256 4123 1309 4164 nos
1429 4139 1430 4146 ι

168 4177 304 4269 putamur.
352 4196 390 4272 qn
411 4178 530 4246 tusam
549 4190 608 4257 est,
633 4184 687 4244 snb
707 4185 873 4246 saevissimo
893 4193 1020 4265 tyranno
1039 4192 1069 4246 ot
1088 4185 1206 4247 barbara
1226 4191 1312 4266 gente
1429 4191 1430 4250 ᾖ

168 4251 267 4314 multa
290 4256 383 4316 modis
403 4259 512 4320 derisos
531 4261 619 4324 luisse
638 4266 757 4326 miseros
776 4263 905 4340 ludaeos,
924 4286 978 4326 noo
997 4286 1057 4326 nna
1076 4263 1189 4326 ludibrii
1208 4282 1313 4346 genere
1429 4285 1430 4292 ¹

171 4331 328 4428 traductos.
353 4336 444 4418 Atqui
463 4338 609 4423 Propheta
628 4345 658 4404 in
699 4363 801 4422 emona
821 4347 909 4406 totius
928 4343 1072 4407 Ecclesiae
1093 4346 1225 4426 loquens,
1244 4364 1312 4428 pro·

128 4465 134 4482 t
171 4409 224 4470 br·
249 4413 313 4490 dla,
337 4435 412 4496 quae
435 4421 466 4480 in
490 4423 582 4503 capita
606 4444 665 4507 pnp
697 4424 941 4507 iingerebantnr,
966 4425 1046 4487 nihili
1065 4425 1125 4488 iere
1145 4423 1224 4487 ducit
1243 4441 1314 4507 pras
1429 4427 1430 4438 ¹
