2890 4886
206 307 259 362 255
627 287 959 346 tcauurrtus'
1050 337 1057 352 q

208 411 337 511 dignum&
357 424 407 487 sed
427 425 450 485 si
463 424 572 487 iontem
587 424 687 506 eulpae
700 427 872 507 quaerimus,
892 426 922 486 in
946 423 1027 486 illum
1049 423 1219 487 redundavit
1239 425 1348 508 populi

207 510 349 590 iniqnitas.
395 503 490 600 Quod
502 506 528 601 sl
547 504 674 599 ppivqtns
697 504 752 600 luit
774 511 866 565 terrae
890 506 1016 600 ingpessn
1036 503 1140 580 llloses,
1161 506 1226 586 qnia
1246 505 1348 587 alieno

206 583 1348 745 litttittltt,ttstttttttltttitt'itt‘tdtstttt

207 755 255 810 tua
275 753 329 819 est,
347 751 378 806 et
395 742 495 803 Mosen
514 757 566 802 sna
584 743 750 824 intemperie
774 743 811 803 ad
830 740 931 823 cnlpae
949 744 1114 804 societatem
1135 743 1296 824 pertraxit?

289 830 338 889 33.
361 831 441 900 Quia
459 823 696 884 exorentur-unt.
727 825 811 892 ll'lD
830 821 1188 917 proppiaestexaoerbare:
1207 822 1259 882 sed
1320 823 1347 882 'a

208 839 1347 1063 stituitetettsllltttuuautuutssu‘ttlt

209 1085 309 1129 eorum
333 1061 489 1124 sententiae
509 1079 570 1120 non
596 1025 742 1121 subsediho
808 1060 818 1118 i
841 1059 1008 1140 particulam
1028 1065 1089 1126 nit
1114 1060 1217 1121 volunt
1241 1066 1368 1120 notam*

207 1163 270 1207 esse
294 1145 382 1204 dativi
407 1157 498 1214 ossus,
527 1139 611 1220 qnasi
640 1139 748 1200 dicatur
767 1078 866 1199 blaseo
890 1137 1002 1199 rebellia
1027 1137 1116 1199 luisse
1134 1139 1256 1220 Spiritui
1274 1137 1346 1199 Dei.

156 1257 161 1270 e
206 1225 307 1306 Neque
331 1221 407 1283 enim
431 1225 491 1280 tam
519 1221 619 1300 asp'ere
643 1217 679 1279 de
706 1219 913 1292 inconsiderato
932 1219 1015 1298 lapsu
1034 1224 1064 1278 et
1087 1237 1183 1280 errore
1201 1219 1347 1300 loquutus

207 1312 282 1366 asset
304 1301 456 1382 Propheta.
495 1297 570 1358 lllnd
597 1303 692 1359 sutem
721 1297 800 1378 quod
850 1300 907 1358 rius
935 1297 1030 1372 retuli,
1059 1301 1167 1380 optime
1195 1299 1345 1370 eonvenit,

206 1401 297 1466 quum
315 1387 376 1442 tam
395 1375 695 1440 severnslueritDeus
714 1385 814 1438 eontra
860 1395 938 1452 osen,
958 1379 1008 1457 qni
1027 1377 1127 1458 populi
1146 1377 1244 1439 lurore
1259 1377 1346 1458 quasi

206 1463 345 1524 violenter
369 1458 406 1520 ad
429 1457 606 1540 paeoandum
628 1456 745 1518 adaotrss
768 1455 875 1532 luerat,
925 1457 1071 1537 rseoipuoe
1096 1463 1228 1518 auctores
1254 1457 1345 1536 longe

206 1542 334 1604 atrocius
357 1555 497 1620 peeeaaae.
537 1535 648 1598 Interea
671 1543 766 1596 tamen
792 1535 875 1596 dooet
918 1535 1046 1616 ropheta,
1070 1538 1201 1617 quamvii
1220 1543 1345 1618 propter

206 1620 348 1717 populum
372 1619 524 1697 castigatus
547 1615 641 1677 fuerit.
681 1613 784 1687 Moses,
809 1635 868 1676 non
888 1623 986 1676 tamen
1004 1615 1091 1676 luisse
1108 1623 1191 1678 extra
1210 1617 1344 1696 eulpam·

170 1685 173 1704 '
207 1719 275 1782 qma
299 1697 354 1758 etsi
376 1696 438 1760 eius
461 1695 635 1776 impatientia
658 1713 676 1754 a
699 1715 737 1775 po
758 1693 800 1763 uli
823 1696 944 1776 strepitu
967 1696 1138 1777 principium
1162 1693 1271 1771 hahuit,
1293 1694 1345 1754 de·

207 1777 293 1840 bebai
311 1783 408 1838 lamen
426 1781 502 1836 alara
520 1771 637 1835 firmior.
667 1715 825 1835 Suhldoillo
865 1783 949 1836 utum
957 1777 1241 1859 suisaaladiiasuisa
1260 1773 1343 1856 quod
1412 1811 1413 1820 κ

208 1858 246 1922 ad
266 1854 492 1929 Mosenmefero,
521 1855 615 1915 minus
638 1854 714 1915 anim
737 1852 828 1936 proba
847 1855 892 1914 ilis
915 1861 960 1916 est
983 1873 1083 1916 eorum
1107 1857 1270 1917 coniectura
1291 1853 1345 1934 qni

209 1941 369 2019 exponunt,
392 1933 586 1995 denuntiatam
610 1931 698 1996 luisse
716 1932 828 1994 disertis
853 1933 943 1996 verbis
968 1954 1098 2017 poenam.
1137 1933 1238 1996 Potius
1263 1935 1345 1994 enim

209 2037 246 2080 ex
269 2017 352 2090 rimit,
371 2011 512 2096 Spiritum
521 2011 611 2076 Musis
630 2019 708 2074 tanta
791 2012 937 2075 arbetione
955 2013 1042 2076 luisse
1056 2015 1211 2098 impulsum
1228 2020 1265 2074 nt
1273 2012 1346 2073 Deo

209 2039 306 2181 padam
330 2095 514 2177 obstreperet.
554 2091 622 2154 ldeo
647 2020 789 2177 signidbedd
810 2091 964 2175 Propheta,
1035 2115 1084 2156 um
1109 2094 1194 2158 docili
1212 2101 1242 2154 et
1260 2112 1344 2154 man·

209 2184 293 2240 sueto
316 2174 430 2258 ingenio
453 2178 528 2234 esset
546 2171 656 2248 llloses,
680 2174 786 2234 malitia
811 2175 910 2257 populi
934 2193 991 2256 qua
1034 2174 1147 2237 flabello
1166 2176 1253 2234 inisse
1271 2174 1342 2234 inei·

135 2317 139 2331 ,
160 2279 163 2289 ·
210 2265 313 2334 tatum,
333 2261 366 2316 ut
384 2241 445 2337 ipsa
464 2273 580 2336 quoqne
599 2253 761 2316 turbulente
769 2253 906 2336 loquutus
919 2257 966 2330 sit,
986 2254 1032 2316 An
1042 2257 1148 2338 poterit
1167 2253 1249 2315 vobis
1258 2252 1343 2315 Dens

210 2355 316 2418 nquam
335 2355 373 2397 ex
396 2351 469 2416 rupe
487 2333 626 2396 educeret
655 2331 863 2410 Num.20,10.
893 2333 1016 2397 Tantum
1040 2337 1117 2397 enim
1139 2336 1342 2416 indignationis

209 2419 268 2480 iam
287 2420 456 2560 qaneppmt
474 2413 663 2556 ⁸⁹}th
681 2414 789 2553 plpoide
807 2414 1047 2556 msqdatqpqnlgpp
1066 2437 1125 2512 nup
1144 2415 1264 2478 audiret.
1291 2497 1299 2513 ·

331 2541 339 2556 .
402 2518 442 2556 oo
534 2519 544 2554 ι
652 2539 658 2553 .
728 2513 940 2556 maremrrvr
1085 2517 1114 2556 nr
1154 2513 1342 2556 oenamssm·

154 2565 159 2586 '
209 2577 322 2662 pliciter
330 2517 695 2656 inllietamprbrlerriputant:
715 2574 775 2634 acsi
793 2573 1066 2655 exprobretludaeis
1101 2517 1342 2658 robhetmorum

211 2657 296 2739 eulpa
314 2656 422 2718 laetum
440 2671 503 2715 esse
521 2671 558 2714 na
577 2653 700 2734 popplos
719 2652 879 2735 perderent,
902 2655 970 2736 quia
993 2656 1099 2737 indigni
1122 2655 1228 2726 luerint
1251 2655 1340 2736 pluri·

209 2737 266 2834 bus
285 2736 421 2832 victoriis,
438 2733 537 2828 potius
555 2734 631 2828 enim
651 2751 759 2828 novum
778 2734 885 2830 primam
905 2734 1001 2832 obiicit
1019 2736 1074 2796 illis
1088 2734 1240 2818 Propheta,
1260 2735 1341 2816 qnod

181 2815 484 2988 ,tensitate
500 2811 1342 2977 iteritatis,transmutatur

211 2979 294 3036 marat
312 2973 445 3053 iniqortas
464 2970 716 3047 Amorrhaeorum,
740 2977 773 3032 nt
790 2970 873 3034 Daue
897 2993 954 3034 oon
979 2976 1085 3038 frustra
1108 2975 1194 3036 vellet
1218 2975 1340 3048 excisos,

210 3053 377 3138 praesertim
396 3070 433 3112 ne
451 3067 553 3112 eorum
573 3051 694 3110 soeietas
713 3053 876 3133 contagiosa
895 3053 1087 3117 fontaneae
1106 3055 1224 3138 populo.
1258 3052 1341 3115 Dens

212 3134 289 3194 emm
308 3129 508 3194 terramillam
528 3129 581 3191 sibi
599 3131 630 3190 in
649 3130 822 3192 domicilium
841 3133 956 3213 eligens,
976 3134 1090 3195 volebat
1109 3141 1236 3197 eandam
1255 3141 1285 3196 et
1304 3135 1340 3194 ab

211 3213 291 3274 omni
310 3211 395 3294 sorde
413 3229 514 3292 puram
534 3228 604 3272 essa.
630 3207 758 3292 Populus
778 3231 846 3294 ergo
865 3214 1020 3276 iniunctam
1030 3214 1083 3275 sihi
1097 3215 1250 3276 vindictam
1260 3233 1339 3275 exse·

157 3363 160 3369 ¹
187 3308 192 3328 ⁴
212 3294 264 3375 qui
283 3310 428 3367 monsone,
444 3309 476 3352 se
496 3289 707 3370 inquinamenta
727 3291 803 3352 ultro
817 3299 949 3373 appetere
963 3293 1094 3354 ostendit.
1123 3293 1191 3354 ldao
1211 3293 1340 3356 videmus

211 3392 298 3454 quam
318 3371 425 3432 duriter
443 3371 626 3432 excanduerit
645 3369 682 3432 ob
701 3369 779 3431 buno
797 3377 952 3452 torporem,
977 3371 1059 3448 lione,
1084 3375 1184 3454 inquit,
1203 3376 1341 3434 iusseram

211 3451 306 3544 gladio
325 3449 446 3513 interlioi
465 3469 564 3510 omnes
583 3451 653 3510 istos
672 3450 808 3532 populos:
832 3470 908 3512 nune
932 3454 999 3532 quia
1022 3472 1080 3514 non
1105 3455 1236 3534 paruistis
1261 3453 1339 3528 mibi,

212 3538 298 3592 ernnt
317 3530 397 3591 vobis
417 3531 447 3590 in
467 3531 572 3611 spinas,
596 3529 740 3611 configent
759 3533 901 3612 utrimque
919 3531 1009 3593 latera
1027 3539 1130 3606 vestra,
1150 3541 1340 3614 compungant

211 3611 312 3672 oculos
332 3617 451 3685 vestros,
469 3617 523 3670 ete.
552 3605 639 3669 Num.
659 3613 708 3686 33,
727 3611 774 3672 55.
806 3609 946 3690 Quamvis
963 3611 1039 3673 enim
1057 3615 1166 3695 speeies
1175 3613 1340 3673 elementiae

211 3689 376 3762 lueritnon
397 3707 495 3750 omnes
515 3687 552 3748 ad
571 3709 660 3750 unum
680 3690 817 3764 oeoidere,
842 3698 1014 3752 nontamen
1039 3691 1211 3754 excusabilis·
1226 3699 1270 3752 est
1288 3711 1340 3772 po·

211 3772 307 3852 pnlus,
332 3769 381 3848 qui
406 3770 509 3828 iustam
530 3765 585 3828 Dei
607 3768 761 3838 vindictam
785 3770 915 3851 negligit,
939 3779 969 3832 et
993 3780 1099 3833 terram
1122 3771 1339 3853 inquinamentis

202 3841 346 3930 'relinquit
365 3846 528 3908 obnoxiam.
566 3845 656 3928 quue
674 3848 830 3909 notandum
849 3857 901 3924 est,
926 3851 992 3932 quia
1010 3852 1040 3912 in
1060 3858 1339 3948 utramquepartem

212 3927 266 3990 sibi
287 3929 352 4011 plus
371 3945 463 4012 aequo
483 3925 632 4007 indulgent
650 3926 788 4003 homines,
829 3928 886 3989 uod
904 3931 989 3992 nhnis
1007 3930 1088 4012 rigidi
1113 3938 1179 3992 sunt
1198 3931 1247 3992 ubr
1267 3951 1338 4013 opus

212 4028 272 4071 non
291 4014 345 4083 est,
364 4013 394 4069 et
412 4005 515 4068 iudicia
534 4013 720 4088 eorrumpunt
740 3949 876 4068 dissdduta
896 4011 1021 4073 mollitie.
1053 4009 1181 4072 Pendere
1200 4012 1285 4092 igitur
1303 4009 1338 4070 ab

213 4108 264 4150 ore
288 4085 346 4150 Dei
363 4106 419 4148 nos
439 4092 565 4168 apamen
590 4105 628 4146 ne
651 4089 681 4146 in
707 4086 852 4164 hano'vel
870 4087 948 4149 illam
968 4093 1245 4171 partempmpersnr
1264 4090 1337 4150 laba·

213 4187 289 4230 mur.
328 4165 402 4246 Num
421 4168 446 4227 si
464 4164 636 4227 damnantur
659 4163 815 4242 Israelitae,
845 4167 923 4249 qnod
947 4171 1063 4252 integris
1082 4169 1221 4232 Gentibus
1240 4189 1337 4252 peper-

212 4247 311 4321 aerim,
330 4247 399 4328 quid
418 4246 456 4330 de
468 4244 610 4306 ludioibus
629 4245 778 4307 dicendum
797 4253 842 4308 est
860 4250 911 4330 qui
929 4249 998 4309 dum
1016 4247 1081 4334 erg'a
1107 4268 1213 4332 paucos
1231 4249 1338 4310 remissi

213 4331 334 4466 auntpp
352 4325 457 4466 igpavi,
475 4327 506 4386 in
522 4325 666 4487 ‘ppbplmm
675 4327 845 4468 nporniFoienrt
856 4327 980 4389 habenas
999 4331 1099 4470 lsxtqpp
1115 4328 1326 4470 Ἥήὺῗέω

332 4448 338 4463 .
423 4427 567 4467 comosus
602 4427 675 4468 uem
709 4449 718 4467 .
781 4427 895 4470 ruoum
919 4427 1040 4490 praepos
1100 4428 1116 4469 e
1183 4427 1217 4469 aa
1327 4439 1339 4454 ·
