2890 4886
186 297 242 356 132
613 289 631 342 t.
660 295 902 342 enarratas

181 461 184 469 .
276 417 309 486 6.
330 416 605 485 amandaverant
625 415 713 486 coeli
731 415 883 485 iustitiam
905 416 989 499 eins,
1015 425 1050 484 et
1075 415 1222 486 aldum
1256 439 1327 486 on>

140 595 142 603 ,
188 546 246 594 nea
268 522 379 617 populi
400 521 531 614 gloriam
554 521 632 592 eius.
677 505 709 590 ΙἸ.
730 521 895 590 Pudeliant
918 543 1032 590 omnes
1053 523 1138 590 serti
1160 521 1326 616 sculptilia,

188 632 262 721 quia
294 629 465 720 gloriantur
496 629 530 696 in
562 627 735 718 figmentis:
768 627 900 696 adorent
933 651 1104 697 conamen
1132 652 1246 698 omnes
1273 629 1325 698 dii.

189 737 220 802 8.
243 733 372 802 Audirit
393 743 426 800 et
445 731 558 802 laetata
579 733 727 817 eatSioa,
749 741 782 802 ει
804 732 1220 803 easdtavemntliliaeluda
1233 757 1326 827 prop

99 930 103 938 ,
188 849 237 910 ter
258 837 370 940 iudicia
384 849 448 934 tua
469 837 593 910 labore
838 851 845 868 '

270 1075 298 1136 6.
319 1075 580 1136 denuntiauerunt
600 1075 682 1134 coeit.
722 1071 793 1133 Tam
813 1071 952 1133 illustrem
971 1073 1032 1134 iore
1051 1071 1108 1134 Dei
1127 1074 1264 1136 inattttm
1284 1075 1326 1135 ai·

189 1151 301 1225 firmat,
324 1158 358 1212 ut
382 1151 455 1212 coeli
479 1169 596 1234 qnoque
620 1153 709 1214 futuri
733 1153 874 1213 sinteino
899 1171 1063 1233 praecones.
1102 1151 1208 1214 Differt
1226 1159 1325 1216 autem
1433 1167 1434 1176 ¹

189 1232 269 1312 quod
293 1230 341 1291 lric
364 1231 482 1304 dicitur,
511 1233 547 1292 ab
572 1232 620 1292 illa
644 1233 783 1292 sententia
808 1231 914 1292 Psalmi
936 1235 989 1308 19,
1009 1237 1043 1293 ’2.
1063 1231 1164 1294 'Coeli
1189 1241 1325 1294 enamaut

184 1311 322 1392 ¹gloriam,
346 1318 399 1371 etc.
420 1312 487 1390 quia
508 1312 568 1371 illic
586 1310 671 1371 docet
688 1318 800 1372 tantum
821 1309 915 1371 David
934 1314 963 1372 in
984 1311 1132 1372 coelorum
1150 1311 1259 1372 fabrica
1279 1313 1324 1374 ln·

189 1409 254 1458 cere
273 1389 425 1470 imaginem
444 1393 598 1472 sapientiae
617 1397 647 1450 et
666 1392 808 1474 potentiae
827 1389 897 1466 Dei:
922 1392 980 1450 acsi
1000 1409 1049 1452 eas
1070 1389 1150 1452 Dens
1170 1393 1264 1454 vomli
1281 1399 1324 1452 te-

189 1469 324 1530 stimonio
343 1477 495 1531 assereret:
521 1470 568 1531 hie
587 1487 657 1530 vero
677 1468 851 1550 spiritualem
871 1471 1006 1530 iustitiam
1068 1489 1113 1530 em
1135 1470 1216 1531 Deua
1234 1473 1325 1532 mani·

190 1548 306 1612 lassabit
324 1549 377 1608 sub
396 1567 428 1608 re
447 1549 613 1623 noChristi‚
631 1555 741 1609 tantm
760 1547 823 1609 iare
842 1550 911 1610 dicit
930 1554 964 1610 nt
982 1569 1034 1611 coe
1046 1570 1078 1610 os
1098 1557 1129 1611 et
1147 1556 1251 1610 terram
1270 1553 1324 1612 iaa-

182 1628 275 1768 ·pleat.
313 1629 360 1689 Ac
383 1571 506 1689 multum
527 1628 720 1688 vehementiae
744 1627 830 1689 habet
849 1629 903 1690 ista
922 1631 1131 1710 prosopopoeia
1150 1649 1244 1712 qaum!
1260 1649 1323 1691 coe·

201 1727 234 1768 os
253 1707 289 1766 de
307 1709 413 1770 institia
431 1707 488 1774 Dei
506 1708 655 1789 loquentes
673 1708 790 1784 inducit,
809 1709 866 1770 acsi
886 1708 923 1770 ad
942 1727 993 1770 eos
1012 1727 1129 1790 quoque
1147 1715 1324 1790 peneto-asset
1433 1745 1434 1758 ι

189 1807 250 1849 m
268 1805 483 1948 {affimat
511 1884 617 1929 omues.
657 1865 714 1928 Hic
742 1865 904 1950 Propheta,
932 1869 1015 1930 sicuti
1041 1819 1173 1950 proximo
1197 1833 1322 1944 Platae,

65 1935 68 1938 ¹
142 1963 154 1991 a
190 1965 291 2008 verum
318 1945 413 2008 Deum
437 1945 473 2006 ab
497 1946 628 2008 omnibus
652 1945 802 2010 bominum
826 1947 969 2027 figmentis
993 1953 1090 2027 aperte
1109 1947 1259 2025 discernit,
1287 1969 1324 2010 ae

192 2025 285 2106 elogia
305 2044 379 2106 quae
398 2026 531 2108 protulit,
552 2029 674 2166 ‹pispue
693 2025 729 2088 ad
749 2027 969 2088 commentitiam
991 2025 1131 2088 Deitatcm
1150 2030 1250 2108 rapiat
1272 2027 1324 2089 Fa-

132 2123 164 2156 ,⁴
191 2107 246 2166 elle
265 2103 440 2168 admittimus
450 2103 545 2166 Deum
576 2125 611 2166 au
632 2106 686 2166 ari:
707 2105 766 2180 sed,
785 2113 819 2166 ut
837 2105 873 2166 ad
893 2107 1120 2188 superstitionem
1139 2123 1238 2167 sumus
1278 2127 1323 2169 ro·

191 2185 289 2258 clives,
308 2186 360 2243 vix
380 2187 548 2245 centesimus
567 2187 690 2266 quisque
709 2187 886 2246 continetse
905 2187 933 2244 in
949 2205 1023 2267 puro
1042 2185 1097 2246 Dei
1110 2187 1203 2247 cultu:
1222 2205 1235 2246 a
1288 2188 1323 2246 ai-

190 2263 285 2324 mulac
304 2263 337 2324 iit
348 2261 403 2325 Dei
422 2267 538 2339 mentio,
557 2265 678 2326 labimur
697 2263 734 2324 ad
751 2272 849 2326 nostra
870 2265 976 2326 deliria.
1000 2263 1038 2327 Et
1056 2267 1187 2346 qdamms
1201 2269 1324 2347 quiaque

191 2343 245 2404 sibi
269 2343 309 2404 liu
329 2349 359 2405 et
382 2345 554 2428 peculiarem
579 2343 680 2420 deum,
703 2345 733 2406 in
757 2351 816 2405 tam
836 2343 954 2405 coniusa
973 2347 1111 2406 varietate
1129 2344 1210 2406 nobis
1229 2346 1324 2429 plaee-

191 2443 265 2484 mus.
304 2365 384 2484 fiseo
403 2425 476 2484 ratio
496 2430 541 2485 est
560 2441 612 2485 cnr
630 2431 691 2484 tam
710 2422 829 2484 sollicite
839 2421 1008 2505 Prophetae,
1028 2425 1096 2484 dum
1115 2423 1244 2486 homines
1258 2425 1323 2487 bor·

190 2511 287 2563 tantur
306 2505 342 2563 ad
364 2503 418 2564 Del
437 2504 558 2580 cultum,
576 2523 614 2564 ae
631 2501 720 2564 labos
738 2503 808 2564 deos
827 2503 961 2578 edomat,
978 2503 1064 2566 simul
1082 2503 1230 2585 designant
1248 2507 1324 2586 quia·

190 2602 259 2643 nam
282 2585 319 2644 ait
343 2601 428 2644 verus
447 2582 537 2644 Deus.
576 2581 635 2643 Sed
659 2583 690 2643 in
715 2581 814 2644 ordine
832 2581 994 2665 Prophetae
1013 2581 1070 2645 boo
1088 2600 1204 2665 qnoque
1222 2591 1326 2646 natatu

191 2663 308 2742 dignum
333 2669 392 2738 est,
415 2683 474 2722 non
498 2661 580 2725 aliter
605 2681 774 2724 armauere
797 2681 900 2745 pravas
924 2663 1150 2744 superstitiones,
1173 2665 1231 2725 nisi
1254 2664 1324 2724 dum

192 2742 301 2804 obtinet
325 2759 393 2802 vera
418 2742 526 2822 religio.
567 2739 641 2802 Nam
665 2742 732 2822 quia
756 2761 811 2824 pro
831 2757 930 2802 seuam
949 2743 994 2803 sni
1013 2742 1147 2804 tarditate
1166 2743 1202 2804 ad
1221 2761 1324 2806 veram

191 2819 287 2880 Deam
316 2829 375 2882 non
404 2823 590 2902 perveniunt,
619 2839 734 2882 necesse
758 2827 802 2882 eat
821 2841 870 2884 eoa
895 2821 926 2882 in
950 2822 1008 2883 sais
1033 2823 1185 2882 mendaciis
1208 2841 1321 2884 errare:

192 2919 267 2981 quae
286 2901 348 2961 sols
368 2898 423 2960 Dei
448 2903 571 2981 cognitio
591 2899 705 2961 discutit
723 2919 758 2960 aa
774 2907 895 2982 purgo,
913 2909 972 2962 obn
991 2921 1074 2964 secus
1093 2921 1128 2964 aa
1146 2902 1191 2963 sot
1210 2903 1324 2985 iulgm

145 3047 150 3056 ¹
190 2999 244 3040 ano
268 2979 399 3039 tenebras
423 2979 568 3062 dispergit
607 2979 734 3062 Ingentia
758 2988 802 3042 est
825 2981 988 3042 hominibus
1012 2981 1112 3064 religio
1131 2983 1242 3064 aliquae
1272 2981 1323 3043 sed
1433 2985 1434 3000 ¹

190 3060 258 3140 qnia
277 3060 341 3120 talis
361 3065 405 3120 eat
423 3079 482 3121 non
501 3061 596 3120 solnm
615 3059 791 3122 imbecillitas
810 3063 914 3122 mentia
932 3067 1062 3136 nostrae,
1086 3061 1136 3122 sed
1155 3063 1241 3123 etism
1260 3079 1324 3136 aaa·

191 3141 262 3198 citas
282 3157 317 3200 ao
335 3147 445 3220 stupor,
463 3145 498 3199 nt
517 3146 687 3221 conceptum
695 3136 819 3201 Deitatis
840 3159 953 3200 sensum
972 3142 1068 3201 statim
1087 3140 1237 3222 depravet:
1256 3141 1327 3202 hino
1359 3163 1362 3168 ·

167 3217 225 3278 =fir
245 3223 277 3277 ut
296 3217 394 3300 religio
414 3219 526 3314 initium
541 3219 583 3314 ‘sit
601 3219 729 3279 omnium
749 3221 994 3358 superstitionum
1002 3220 1324 3362 egonoldvirisimdemnelnll

189 3297 1114 3440 lbniizli:triciniiscffllreiimgilnlrlniutgss“liniririeoluit’Dei
1133 3382 1254 3455 remus,
1278 3379 1323 3440 ln·

190 3459 289 3540 gandia
312 3463 348 3552 et·
365 3457 631 3538 procul-abigendis
650 3456 894 3539 superstitionibus
913 3460 981 3518 satis
1000 3464 1045 3518 εει
1063 3457 1175 3519 efficax.
1203 3457 1324 3520 Namsi

54 3593 56 3602 .
189 3538 234 3598 sol
254 3543 302 3616 (nt
320 3537 457 3615 drximus)
477 3557 666 3618 quaecunque
684 3545 779 3598 airam
799 3539 941 3598 offuscant
958 3537 1160 3634 impedimenta
1179 3537 1323 3615 absorbet,

74 4067 78 4088 ,
187 4017 212 4074 si
236 4023 297 4074 tam
322 4015 417 4074 variae
436 4015 653 4095 superstitiones
671 4013 810 4074 muudum
829 4011 865 4073 ab
884 4014 965 4074 initio
985 4033 1056 4076 occu

189 3617 260 3696 quid
283 3637 342 3676 non
366 3615 470 3676 eiticiet
494 3618 557 3698 ipse
577 3616 631 3676 Dei
657 3617 846 3697 conspectus?
883 3614 951 3676 Nan
975 3635 1080 3677 marum
1102 3618 1189 3698 igitur
1207 3618 1232 3679 si
1250 3616 1324 3679 Pro·
1388 3645 1391 3650 ·

126 3732 138 3763 x
211 3696 275 3756 beta
300 3696 337 3756 de
360 3715 448 3776 regno
470 3695 525 3758 Dei
550 3695 710 3778 mactatus,
734 3695 861 3778 profanis
879 3687 1017 3756 Gentibus
1041 3697 1171 3771 maritat,
1193 3715 1270 3778 quae
1290 3699 1324 3759 in

188 3717 323 3836 iactibus
347 3775 518 3857 gloriantem
542 3778 625 3837 sicuti
648 3775 756 3837 icadas
782 3793 846 3856 cap.
865 3778 919 3849 19,
938 3793 1012 3836 vera.
1031 3779 1062 3838 1.
1084 3775 1134 3836 nbi
1159 3776 1194 3837 de
1218 3783 1324 3840 mortu

188 3856 261 3916 lucia
280 3854 361 3916 Eran
397 3856 467 3916 licae
487 3856 629 3936 loquitur,
648 3875 718 3915 mox
737 3853 825 3928 addit,
844 3851 927 3915 Tunc
944 3854 1046 3915 cadent
1065 3857 1160 3916 carnia
1179 3857 1324 3936 sculptilia

188 3935 324 4016 Aegypti.
390 3955 458 3996 orro
482 3954 572 4015 quum
597 3933 653 3995 Dei
677 3933 802 4014 cognitio
825 3931 955 3994 hominm
973 3934 1101 4010 latuerit,
1125 3953 1162 4030 ne
1185 3937 1324 3997 miremur

187 4093 287 4154 eadem
306 4096 379 4156 ratio
399 4113 476 4154 nune
496 4111 613 4175 qnoque
632 4093 722 4169 valet,
741 4110 808 4153 nam
827 4092 904 4173 apud
923 4091 1044 4168 Tuscae,
1056 4020 1198 4169 laudm,
1216 4013 1324 4154 stolii?
1360 4101 1366 4108 ‘

185 4175 214 4252 p'
234 4181 276 4233 tas
295 4175 400 4233 ammos
419 4176 574 4234 extinctam
594 4192 656 4233 essa
677 4191 760 4234 verae
780 4171 925 4232 doctrinae
943 4172 1054 4246 lucem,
1078 4190 1167 4252 qnare
1187 4173 1269 4235 aliter
1287 4174 1323 4236 ii·

219 4254 226 4269 '
253 4273 312 4312 non
339 4260 433 4332 potest
453 4273 541 4332 quarn
561 4259 594 4312 ut
614 4251 802 4332 obstupefacti
821 4253 934 4312 iaceant
951 4253 981 4312 in
1000 4253 1058 4312 sois
1077 4249 1232 4312 erroribus:
1252 4255 1323 4333 paria

185 4331 359 4432 impossibile
379 4341 432 4408 est,
452 4335 507 4394 nisi
536 4333 633 4412 agnita
654 4350 723 4393 vero
743 4329 823 4408 Dec,
851 4331 943 4394 redire
962 4330 999 4394 ad
1017 4349 1115 4393 amam
1134 4337 1269 4408 meatem,
1288 4341 1324 4395 ut
