2816 4880
155 293 259 350 ,512
321 295 324 300 ’
640 295 927 356 telesinus

206 387 356 508 chlligans
388 358 518 482 dolores
554 435 676 484 eorum.
721 409 753 482 4.
776 413 957 487 Numerone
991 415 1227 488 multimrlirmm
1250 421 1359 490 atella-

206 543 287 602 rum,
309 519 438 610 singulis
459 520 589 616 nomina
611 521 791 612 imponens.
837 527 868 594 5.
890 521 1027 614 Magnus
1049 522 1210 592 Dominus
1233 539 1357 608 noster,

24 623 31 702 Ῐ
130 713 133 720 .
164 631 165 636 ’
206 625 378 730 et'multus
400 625 524 708 virtute,
546 627 766 720 intelligentiae
789 651 857 698 erus
879 651 945 696 non
968 637 1018 697 est
1039 651 1201 698 numerus.
1226 631 1363 700 lisam

96 787 99 799 .
204 731 313 802 levans
335 731 468 814 miseros
479 713 621 816 ‘lehara
649 733 796 804 ‹leiieicns
817 735 934 826 impios
957 757 1059 826 usque
1082 735 1123 804 ad
1145 745 1272 816 terram.

285 971 312 1030 1.
333 933 472 1032 matare
490 947 597 1032 Decea
638 967 812 1052 Quanquam
832 967 971 1032 beneficia
990 968 1038 1030 hic
1057 977 1264 1036 commemorat
1281 978 1340 1056 poi-

205 1049 259 1110 hoa
279 1053 441 1130 promiscue
459 1055 553 1112 rorum
573 1069 663 1133 genua
682 1050 839 1110 humanum
860 1048 940 1110 Deua
959 1051 1154 1132 prosequitur,
1174 1072 1232 1112 noo
1248 1059 1338 1114 tamen

204 1127 324 1188 dubium
343 1135 395 1204 est,
415 1147 576 1195 sermonem
595 1131 710 1212 proprie
729 1130 765 1190 ad
784 1129 883 1190 fideles
903 1129 994 1209 dirigi,
1014 1133 1063 1209 qui
1083 1131 1137 1192 aoli
1162 1131 1337 1194 oculatiannt

206 1227 326 1288 opernm
347 1206 403 1268 Dei
422 1215 531 1270 testem,
553 1230 642 1290 quum
662 1209 842 1286 incredulos,
867 1211 972 1270 mentis
991 1207 1114 1272 caecitas
1133 1217 1163 1270 ct
1183 1219 1283 1290 stupor
1300 1214 1342 1271 in-

204 1287 360 1368 telligentia
381 1290 481 1368 privet.
521 1287 582 1349 Nec
601 1289 695 1350 colum
711 1288 827 1361 'dimerlt
847 1288 882 1350 de
902 1288 1092 1350 comminihua
1112 1287 1168 1350 Dei
1190 1289 1345 1366 beneficiis,

206 1367 257 1428 sed
296 1369 412 1441 ratiamt
433 1387 507 1448 quae
526 1371 680 1447 conspicua
699 1373 759 1429 emt
779 1369 807 1428 ln
828 1367 937 1449 populo
958 1367 1066 1443 electo,
1096 1373 1249 1451 praecipue
1269 1390 1347 1432 corn·

152 1451 157 1458 '
205 1389 332 1508 maniat.
373 1447 464 1509 Porro
489 1454 523 1511 ut
541 1468 572 1510 ac
591 1449 627 1508 ad
647 1449 788 1522 canendae
808 1445 864 1508 Dei
885 1447 983 1508 laudea
1002 1447 1124 1508 alacrius
1144 1453 1272 1530 accingat
1295 1449 1350 1510 Ec-

205 1527 304 1602 elesta,
334 1526 390 1587 hoc
415 1549 504 1610 genua
529 1527 655 1594 exercitii
686 1527 807 1602 honum,
837 1526 993 1588 iucundum
1028 1533 1059 1588 et
1077 1547 1165 1590 suave
1183 1549 1245 1590 ease
1266 1529 1349 1604 dicit,

206 1607 321 1687 oblique
341 1609 532 1689 perstringens
557 1610 685 1668 omnium
705 1608 764 1668 iace
783 1610 963 1688 pravitatem,
983 1605 1087 1688 quibua
1106 1607 1351 1689 taedioeatquae·

206 1687 275 1754 lihet
290 1685 344 1756 Dei
364 1691 486 1748 mentior
506 1679 618 1748 ahmma
637 1695 734 1758 autem
753 1689 896 1768 voluptas,
917 1686 1012 1748 Deum
1032 1694 1062 1747 ct
1079 1687 1189 1770 seipsos
1208 1687 1351 1764 oblivisci,

206 1786 267 1846 qno
292 1767 345 1825 aibi
369 1765 485 1832 liberine
509 1767 683 1848 indulgeant.
723 1765 801 1847 Ergo
823 1775 855 1827 ut
874 1785 905 1828 sc
925 1763 1069 1840 oblectare
1089 1766 1199 1828 discant
1218 1766 1351 1828 homines

206 1847 236 1906 in
258 1843 314 1905 hoe
339 1848 450 1926 pietatis
470 1849 620 1919 exercitio,
648 1843 794 1930 Pm'pheta
813 1845 948 1910 admonet
966 1848 1110 1908 decoram·
1123 1847 1170 1908 rel
1191 1847 1348 1928 optabilem

88 1923 91 1938 '
205 1943 268 1986 esee
287 1927 427 1986 medem..
453 1923 526 2000 Nam
551 1934 697 2007 utcunque
716 1925 804 1986 modo
824 1933 919 2006 potest
943 1928 1033 2007 accipi
1057 1925 1143 1986 dictio
1164 1929 1269 1998 mxl.

285 2009 315 2068 2.
333 2008 515 2087 Aedificaca.
555 2005 656 2088 Incipit
680 2025 698 2066 a
717 2006 833 2088 speciali
857 2005 961 2088 gratia,
990 2025 1048 2088 qua
1071 2004 1231 2068 Ecclesiam
1266 2027 1347 2068 auam

206 2083 339 2222 (lignatus
363 2084 524 2160 asaneus,
553 2087 622 2146 dum
648 2091 677 2182 et
701 2093 921 2182 gentemunpm
941 2085 1003 2146 aliia
1023 2085 1192 2168 posthabitis
1212 2087 1351 2182 adoptare

206 2183 244 2244 po
259 2170 308 2236 uit
328 2169 486 2224 etcertum
506 2166 602 2226 locum
622 2166 726 2246 eligere
745 2165 794 2225 ulai
805 2173 1004 2226 invocaretur.
1034 2163 1108 2224 Nam
1129 2166 1208 2245 qaod
1230 2165 1277 2226 hre
1296 2187 1348 2224 vo·

70 2257 76 2268 ·
209 2241 519 2324 caturHierosolymae
540 2245 681 2318 conditor,
701 2251 838 2305 nontam
858 2244 894 2303 ad
915 2251 1063 2304 externam
1082 2244 1206 2304 formam
1227 2252 1256 2304 et
1274 2246 1342 2304 aedi-

204 2321 304 2384 ficium
327 2323 356 2382 id
381 2323 516 2397 micum,
546 2343 632 2404 qnam
657 2324 694 2383 ad
720 2323 895 2404 spiritualem
915 2321 973 2384 Dei
990 2325 1110 2384 cultum.
1149 2321 1232 2383 'l'rila
1252 2331 1341 2382 antem

205 2401 375 2484 metaphora
393 2411 438 2464 est
455 2407 485 2464 io
505 2409 571 2466 aedi
596 2413 636 2466 cii
655 2402 702 2463 vel
720 2403 821 2482 templi
839 2403 963 2478 nomine,
984 2401 1031 2463 uhi
1051 2403 1086 2462 de
1096 2401 1223 2464 Ecclesia
1243 2405 1345 2484 agitur.

207 2481 327 2542 Summa
346 2488 404 2558 eat,
424 2503 482 2546 noo
503 2483 667 2546 humanitus
686 2482 862 2545 aedificatam
872 2479 959 2542 fuisse
971 2479 1142 2559 Ecclesiam,
1162 2484 1211 2542 sed
1230 2483 1346 2542 enatasti

205 2559 264 2622 Dei
287 2562 406 2622 virtute:
436 2565 503 2644 quia
527 2584 630 2645 neque¹
652 2564 709 2624 loci
736 2563 763 2624 di
804 2565 856 2624 itae
875 2561 932 2622 hoc
950 2563 1061 2638 effecit,
1091 2568 1123 2622 nt
1148 2561 1343 2640 Hierosolyma

207 2643 324 2702 unicum
344 2639 400 2702 Dei
421 2650 495 2706 essct
514 2645 546 2704 ic
563 2645 647 2704 terrie
666 2643 768 2704 domici
781 2645 853 2718 iump
878 2661 971 2723 nequa
991 2649 1103 2702 tantum
1122 2641 1252 2704 honorem
1271 2661 1343 2702 con·

146 2727 148 2736 ’
206 2721 279 2796 sitio,
299 2721 446 2798 industrie,
465 2719 572 2798 labore,
591 2721 639 2784 vel
659 2723 761 2804 opibus
779 2722 929 2784 hominum
949 2720 1051 2802 adepta
1071 2717 1345 2800 cst‚aedquia1)eo

204 2802 315 2884 placuit
333 2821 407 2862 eam
437 2802 491 2862 aihi
520 2819 696 2865 consecrare.
736 2799 845 2862 Verum
870 2801 984 2883 quidem
1003 2808 1061 2876 eat,
1091 2801 1235 2861 hominnm
1254 2817 1348 2880 opero

206 2889 236 2944 et
264 2879 421 2942 ministerio
449 2903 536 2944 naum
564 2883 652 2944 icisse
675 2901 766 2962 quom
789 2882 847 2940 illic
867 2881 918 2940 sihi
938 2879 1137 2942 sanctuarium
1156 2880 1263 2940 etesiis
1293 2879 1348 2938 scil

206 2961 272 3022 ideo
301 2963 363 3022 eins
392 2965 511 3040 gratiam
537 2963 682 3022 obscurari
706 2961 859 3022 minimea
897 2980 966 3020 nom
985 2967 1042 3032 eat,
1071 2979 1147 3040 quae
1167 2959 1228 3020 sola
1247 2957 1353 3020 urbem

206 3047 333 3100 sanctam
350 3059 380 3101 ta
401 3042 517 3121 reliquis
546 3041 677 3102 omnihus
702 3041 839 3100 distinxit.
923 3046 1014 3100 terum
1035 3039 1091 3101 hoc
1110 3040 1230 3102 consilio
1251 3037 1351 3100 Deum

206 3117 350 3181 Ecclesiae
368 3119 556 3182 architectum
575 3127 604 3182 ct
623 3119 756 3202 opificem
776 3119 1065 3201 nominatProphela,
1084 3125 1117 3180 at
1136 3121 1260 3181 aciamus
1275 3120 1351 3180 eius·

207 3201 274 3260 dem
303 3203 408 3260 vincte
432 3219 496 3260 eam
521 3217 636 3260 manera
655 3202 685 3260 in
705 3200 791 3261 inmo
810 3207 894 3276 stato,
914 3200 961 3261 vel
981 3201 1005 3260 ai
1024 3199 1152 3282 collapsa
1170 3201 1208 3260 eit
1226 3201 1350 3266 restitui.

207 3279 291 3342 Unde
319 3283 405 3341 etiam
434 3281 555 3361 colligit,
583 3281 614 3342 io
643 3282 770 3342 eoadem
791 3300 877 3342 maon
896 3287 927 3342 et
946 3278 1061 3342 arbitrio
1081 3299 1144 3340 ease
1163 3279 1298 3360 colligere
1308 3277 1353 3338 di·

207 3379 328 3441 apereos.
370 3359 424 3421 ilie
452 3364 529 3422 enim
557 3363 682 3432 miseros
706 3361 819 3436 exules,
849 3361 899 3442 qai
919 3359 976 3420 huc
995 3367 1023 3422 et
1041 3360 1110 3420 illoc
1129 3359 1237 3432 disiecti
1255 3366 1351 3434 arant,

207 3440 294 3500 solari
313 3440 404 3501 voluit
424 3437 583 3520 Propheta,
607 3447 641 3502 ut
659 3459 691 3502 aa
710 3459 749 3502 ex
767 3441 949 3521 dissipatione
968 3439 1121 3502 collectum
1140 3441 1351 3520 irieperacent:

200 3521 276 3601 quia
291 3517 373 3580 Dece
391 3539 451 3582 noo
469 3521 576 3580 hnatra
595 3540 645 3582 eos
664 3519 718 3582 sihi
737 3519 923 3602 adoptaverat
943 3527 975 3580 ut
994 3521 1188 3582 coalescerent
1205 3521 1236 3578 in
1256 3537 1353 3579 unum

207 3619 323 3681 eorpus.
364 3597 439 3680 Ergo
460 3619 552 3681 quum
561 3597 713 3680 Templum
733 3609 762 3662 et
782 3601 880 3663 Altare
899 3599 951 3662 silai
963 3597 1186 3680 Hierosolymaa'
1199 3598 1271 3680 erigi
1291 3601 1353 3658 ius·

208 3682 299 3754 sisset,
318 3679 432 3760 illicque
451 3679 548 3740 aedem
568 3697 650 3740 coam
670 3677 787 3753 fixisset,
806 3681 926 3748 ludaeos
946 3699 963 3740 a
983 3683 1074 3762 patria
1094 3697 1145 3740 aaa
1164 3685 1295 3758 extorres
1312 3679 1355 3738 ad
1385 3753 1386 3760 ἵ

208 3759 314 3823 honam
339 3779 420 3838 apem
439 3759 546 3828 reditm
557 3759 614 3820 Pro
636 3759 701 3820 heta
720 3759 859 3822 hortatur:
878 3761 935 3822 acsi
956 3759 1071 3832 diceret,
1090 3779 1148 3820 non
1168 3761 1261 3818 minua
1283 3775 1352 3838 pro·
1385 3779 1386 3814 ι

208 3841 303 3920 prium
328 3857 390 3898 ease
409 3837 465 3899 Dei
489 3860 507 3898 o
530 3859 578 3914 us,
607 3781 730 3900 aliculam
755 3845 784 3900 et
803 3859 931 3902 eversam
948 3839 1105 3901 Ecclesiam
1125 3858 1223 3900 rursus
1241 3839 1357 3898 instau-

210 3939 282 3992 rare,
303 3937 388 3997 quam
408 3919 489 3978 initio
508 3860 563 3978 iun
582 3919 643 3978 eiua
663 3919 846 3980 fundamenta
866 3923 967 3982 iacere.
1007 3919 1074 3981 Non
1093 3939 1162 4002 ergo
1180 3917 1372 3998 simpliciter·

210 3999 389 4138 nnll
409 3997 652 4138 litteriis
668 4001 704 4139 l
721 4001 824 4140 rc
838 3997 1357 4143 laconiensem

210 4097 1385 4317 carrtrrnrrciir‘i:trillame†

209 4315 321 4375 decent.
363 4319 458 4395 Atque
483 4317 553 4376 haec
576 4317 735 4377 consolatio
761 4261 846 4380 hodila
864 4319 947 4380 nohis
967 4339 1118 4381 occurmre
1138 4317 1223 4380 dehet
1241 4321 1272 4377 io
1293 4323 1357 4376 tarn
1383 4361 1384 4374 .

210 4395 323 4476 lunesto
341 4393 484 4456 Ecclesiae
504 4397 684 4478 laceratione,
704 4417 778 4478 quae
796 4401 902 4482 passim
922 4403 1055 4478 cernitur,
1075 4407 1108 4462 ot
1126 4415 1274 4488 aperemoa
1288 4395 1355 4456 'elo
1372 4417 1384 4482 ι
