2816 4880
503 287 545 329 rs
574 289 592 326 r·
606 290 621 326 s
637 288 655 326 u
670 288 687 327 u
702 287 732 328 sc
760 287 882 330 caestu.
1197 285 1253 346 ste

41 404 46 414 '
123 419 214 492 quom
232 407 353 470 adamus
371 405 472 475 ldosco
489 407 698 492 etl‘rophetas,
716 381 760 470 ai
768 427 802 472 so
820 394 1033 472 ucmntmudent
1052 409 1089 472 ad
1107 397 1251 484 tutissimi

0 510 1 531 ¹
123 489 262 570 caiusque
284 495 412 570 coptum,
501 489 616 568 ula'rp‘ter
637 489 729 550 solere
754 490 844 570 loqui.
865 489 1008 570 ideoque
1033 497 1248 571 praeposterum
1348 547 1351 554 .

122 578 205 639 esset,
226 584 300 647 quae
318 569 393 648 opud
413 588 463 629 eos
492 575 622 648 aguntur,
642 569 677 629 od
692 567 891 650 Philosophiae
903 571 1014 650 regulus
1025 570 1147 650 exigere,
1166 571 1249 630 sicuti

1 653 3 700 t
122 647 179 707 boc
197 648 271 720 lneo',
291 649 369 730 quod
380 647 458 708 Deos
474 660 563 730 equos
580 650 611 710 in
631 651 695 710 abre
714 667 865 730 suspensos
884 654 986 722 teneat,
1006 649 1061 710 bon
1080 648 1249 710 miraculum
1290 723 1292 728 Ι

1 779 4 784 ,
121 727 301 786 commendat
321 726 477 810 Propheta,
506 731 578 808 quia‘
599 727 654 788 bne
674 727 788 788 videtur
806 735 918 810 proeter
936 734 1066 790 naturum
1085 745 1149 788 esse
1166 729 1249 794 utin

121 805 242 866 sublime
261 809 466 867 conscendant:
493 807 595 868 deinde
615 827 704 888 quum
723 809 828 898 liuidae
847 809 912 879 siut,
930 799 1025 868 lamen
1046 807 1200 884 consistent
1218 798 1249 868 ib

122 885 188 946 loeo
207 899 309 944 vacuo.
334 885 407 958 ideo
427 883 504 946 Psal.
524 889 580 963 33,
593 889 621 949 7.
642 889 748 948 dietum
768 888 831 959 init,
851 889 941 946 teneri
960 887 1017 946 sslic
1036 887 1117 967 quasi
1134 885 1249 946 utribus

120 964 253 1024 inclusas.
292 962 401 1027 luteres
427 966 547 1026 formam
572 965 707 1046 loquendi
731 973 877 1027 mutuatos
896 973 940 1026 est
959 964 1103 1046 Propheta
1122 983 1138 1024 a
1159 964 1248 1040 Most,

121 1043 193 1104 Gen.
213 1045 304 1126 ospile
323 1048 352 1117 1,
372 1063 445 1105 vers.
465 1047 494 1107 6.
515 1046 564 1126 qui
585 1047 651 1119 dicit
671 1065 760 1127 squas
779 1047 865 1106 luisse
885 1041 1028 1106 distinctas
1048 1044 1084 1104 ab
1104 1046 1194 1124 aquis.

200 1130 227 1186 5.
257 1125 393 1186 Losderct
415 1144 530 1186 mmm.
570 1124 646 1205 Quia
667 1126 703 1186 da
721 1127 857 1186 creaturis
877 1139 962 1184 seusu
982 1123 1142 1184 carentibus
1161 1123 1247 1185 verba

120 1201 198 1274 iecit,
217 1205 318 1263 transit
336 1203 373 1264 ad
392 1206 504 1264 tertiam
525 1222 689 1285 porsonam:
715 1205 790 1265 nude
809 1195 1133 1284 colligimm,'baoteaus
1153 1204 1182 1262 in
1202 1223 1246 1264 sc·

1 1294 2 1302 ’
119 1282 212 1342 cunda
232 1301 353 1362 persona
371 1283 521 1364 loquutum
542 1292 695 1370 csse,'*qno
715 1285 803 1366 magis
824 1283 949 1344 alliceret
970 1282 1106 1342 homines.
1148 1280 1248 1362 Neque

118 1365 193 1422 onim
209 1363 312 1422 uliam·
326 1363 420 1444 exegit
443 1361 570 1437 laudem,
599 1364 654 1423 uisi
677 1383 714 1424 ex
735 1383 791 1445 qua
812 1364 952 1423 discamus
971 1380 1065 1442 neque
1090 1379 1158 1422 aso
1177 1364 1245 1442 ipsis

117 1449 196 1502 urtts
214 1459 277 1503 ease
296 1442 400 1518 stelles,
419 1460 512 1523 neque
524 1442 641 1504 fortuito
654 1444 767 1523 pluvias
782 1443 884 1502 messis
904 1441 1079 1522 quia'quuur
1092 1449 1150 1502 tarn
1166 1447 1245 1521 prue-

116 1521 192 1581 clara
211 1524 354 1602 potentiae
364 1521 419 1582 Dei
439 1524 608 1583 documenta
628 1523 740 1584 assidue
760 1529 825 1582 ante
844 1522 947 1590 oculos,
962 1527 1076 1582 nostros
1089 1529 1246 1596 versamur,

0 1651 1 1656 ,
109 1599 249 1679 opificem
269 1601 353 1660 lnedo
371 1608 489 1682 stupore
497 1597 700 1740 1praeterimus.
736 1601 840 1686 ltaque
863 1621 907 1662 cm
931 1599 1055 1666 haecum
1074 1607 1119 1662 est
1136 1621 1244 1684 prono-

116 1699 181 1738 men
202 1681 286 1760 lpeer
305 1681 363 1738 acsi
382 1679 486 1740 diceret
520 1681 648 1762 copheta,
667 1701 726 1742 uon
745 1700 807 1742 esse
827 1701 895 1742 muu
917 1701 964 1743 um
984 1679 1140 1753 uelernum,
1161 1679 1245 1746 sicuti

117 1759 260 1818 somniant
278 1757 389 1838 profani
408 1758 546 1835 homines,
566 1777 658 1841 neque
677 1777 715 1820 ex
734 1759 836 1822 atomis
856 1757 1021 1829 conflatum,
1038 1759 1090 1820 sed
1101 1758 1155 1818 Dei
1166 1777 1244 1818 mau-
1317 1799 1328 1810 .

110 1835 187 1896 deta
282 1843 330 1896 nte
356 1839 501 1900 exstitisse
529 1837 732 1920 pulcerrimum
763 1835 1076 1920 imputarentur,
1105 1835 1244 1901 ordinem.

0 2050 1 2067 ,
116 2003 175 2072 cst,
205 2003 387 2076 praeceptum
412 1995 467 2056 iliis

107 1915 215 1988 ‚Porro
251 1918 432 1980 screatione
454 1917 606 2056 iopoutus,
635 1921 713 1980 addit
737 1918 815 1998 quod
839 1917 1105 2000 magismbservatu
1124 1917 1243 1998 ¹dignum
1270 1995 1271 1999 Ἰ

511 1998 601 2057 edisse
625 1989 706 2078 quod
730 1995 892 2057 inviolabile
911 2003 1014 2056 merset.
1054 1993 1143 2076 Multi,
1157 1997 1269 2070 euim,‘

107 2068 184 2136 'iicet
201 2077 358 2136 concedant
377 2077 515 2136 muudum
536 2075 669 2136 divinitus
685 2082 810 2137 creatam
826 2075 896 2150 es'se,
915 2079 1014 2159 postea
1028 2082 1123 2135 tomen
1144 2070 1244 2137 labun-

0 2141 1 2230 ζ
115 2161 164 2215 tur
183 2155 218 2214 ad
238 2156 352 2234 frigidas
372 2151 598 2236 imaginationes,
622 2157 680 2216 tcsi
692 2173 778 2217 nuuc
797 2153 849 2236 pe'r
867 2175 899 2216 se
918 2161 1006 2214 sunt
1024 2161 1143 2214 naturae
1161 2156 1243 2229 ordo,

113 2233 195 2295 Deus
214 2253 283 2294 vero
308 2237 337 2296 in
364 2235 450 2296 coelis
474 2235 617 2299 donuirct.
657 2235 759 2304 Merito
784 2236 880 2316 itaque
899 2233 1042 2316 Propheta
1063 2233 1110 2293 bic
1129 2227 1243 2308 insistit,

114 2313 250 2376 coelestes
269 2319 412 2384 crea¹uros
431 2333 488 2395 oon
508 2314 595 2376 modo
613 2315 701 2376 semel
720 2333 738 2374 a
758 2313 822 2375 Deo
841 2331 905 2374 esse
924 2313 1065 2385 conditus,
1095 2312 1144 2372 sed
1170 2314 1241 2372 cius·

113 2393 179 2454 dem
199 2393 314 2452 arbitrio
335 2413 412 2454 nunc
431 2395 552 2454 moveri:
582 2413 635 2453 uec
659 2400 768 2454 lantum
792 2393 880 2457 semel
903 2393 959 2452 ullis
978 2393 1096 2452 inditum
1116 2389 1185 2454 esse⁴
1197 2410 1240 2450 ar·

112 2491 212 2541 conam
232 2474 380 2546 virtulem,
409 2473 458 2532 sed
483 2474 550 2532 dnm
570 2473 728 2554 funguutur
745 2474 804 2534 suis
824 2473 965 2558 pastibus,
991 2471 1155 2552 impendero
1176 2465 1244 2531 Deo

110 2569 193 2614 susm
212 2569 329 2636 operum
349 2571 383 2614 ac
402 2553 587 2618 ministerium
607 2555 643 2614 ud
663 2547 817 2613 destinatos
837 2569 914 2612 usus.
1229 2559 1233 2578 '

199 2785 230 2854 7.
262 2781 403 2856 Laudato
425 2786 577 2856 lebnvsm
599 2811 617 2855 e
640 2759 964 2878 terraldrnbonesstet
985 2807 1098 2870 omnes
1120 2759 1251 2876 abyssis

109 2893 141 2980 8,
174 2889 258 2983 Ignis
285 2903 317 2961 et
341 2891 475 2986 grando,
507 2894 563 2962 uix
585 2903 618 2962 ct
638 2891 766 2985 glucies,
798 2892 926 2984 spiritus
949 2891 1102 2984 procellae
1125 2892 1240 2960 lbeieus

109 2998 243 3066 verbum
264 2999 349 3067 eluse
390 3001 422 3067 9.
451 2999 577 3067 Montes
599 3011 631 3068 et
654 3021 766 3066 omnes
788 2997 894 3080 colles,
915 2997 1008 3065 arbor
1030 2997 1183 3066 fructifera
1207 3007 1240 3065 et

109 3125 223 3171 omnes
245 3104 337 3190 cedri,
382 3107 434 3193 lt).
461 3104 567 3174 Bestia
590 3115 622 3174 et
645 3127 740 3172 omne
761 3104 950 3186 iumentum,
976 3103 1096 3196 reptile,
1118 3114 1151 3172 et
1172 3103 1239 3174 ovis

107 3221 250 3302 pennula.
855 3233 866 3244 ’

187 3353 218 3417 7.
237 3355 384 3416 modale.
423 3351 482 3415 lam
503 3353 704 3416 acl-inlerinres
723 3353 821 3415 mundi
841 3359 936 3435 portes
961 3351 1118 3413 descendit:
1147 3368 1236 3432 quan·

108 3451 194 3514 quam
214 3435 315 3494 ilerum
336 3454 393 3494 neu
413 3436 480 3496 sutis
500 3441 602 3496 exacto
622 3435 721 3495 ordine
741 3451 814 3515 quae
833 3435 862 3493 iu
873 3441 937 3494 atre
948 3435 1109 3512 gignuntur,
1129 3439 1162 3491 ut
1181 3431 1235 3491 lul·
1264 3485 1267 3490 ,

12 3536 16 3546 ·
108 3531 188 3594 gnra,
208 3514 312 3586 nivern,
332 3515 399 3593 gelu
418 3521 447 3574 et
467 3514 614 3595 proeellas,
633 3515 793 3594 permiscet,
814 3512 952 3572 debebant
966 3513 1039 3572 enim
1057 3511 1128 3571 boec
1141 3513 1236 3594 potius

107 3595 137 3651 in
157 3594 244 3673 priori
264 3595 353 3654 classe
373 3596 472 3653 statui:
492 3593 541 3652 sed
561 3593 597 3653 ad
617 3611 797 3654 communem
807 3592 953 3654 hominum
969 3597 1083 3670 captum
1099 3593 1234 3672 respexit.

107 3669 225 3732 Summo
246 3673 303 3746 buc
322 3673 423 3733 tendit:
443 3691 614 3753 quocunqne
633 3681 776 3734 vertamus
796 3673 904 3746 oculos,
924 3671 1029 3752 ubique
1043 3670 1124 3730 nobis
1136 3681 1233 3731 occur·

107 3771 171 3811 rere
201 3747 343 3832 pollentiae
363 3753 418 3814 Dei
446 3755 615 3812 testimonia.
653 3751 691 3812 Et
709 3747 808 3834 incipit
826 3771 843 3812 a
863 3753 946 3812 cetiss
971 3753 1036 3831 quia
1057 3771 1145 3833 quum
1165 3771 1235 3812 mox

105 3829 242 3911 adiunget
259 3833 392 3914 abyssos,
419 3851 477 3892 nou
503 3831 600 3906 dubito
625 3835 695 3912 quin
720 3851 771 3914 per
789 3835 912 3902 nlltll't
933 3833 1056 3892 marinos
1081 3833 1178 3910 pisces
1191 3831 1233 3889 iu·

106 3911 224 3992 telligat,
244 3913 343 3992 quoles
356 3918 428 3970 sunt
447 3911 572 3979 balenae.
592 3909 654 3974 Nec
671 3931 741 3974 vero
760 3910 913 3974 absurdum
934 3919 987 3985 est,
1006 3931 1043 3969 ex
1062 3911 1134 3969 mari
1155 3909 1232 3990 quod
1326 3911 1329 3925 '

106 3997 150 4051 tot
169 3993 312 4052 miraculis
333 3990 468 4050 refertum
488 3999 539 4064 est,
560 3993 678 4072 proferri
699 3993 814 4053 laudum
826 3991 882 4052 Dei
896 3992 1052 4052 materiam.
1074 3987 1176 4049 Postea
1196 3987 1232 4046 ad

104 4073 280 4150 grandiores,
308 4079 388 4132 niues
413 4081 440 4132 et
502 4075 609 4134 ocelim
633 4070 791 4146 adscendit,
813 4091 892 4152 ¹quas
912 4072 980 4130 dicit
1014 4093 1098 4130 acere
1117 4071 1231 4130 uerbum

105 4151 180 4211 Dei.-
231 4153 275 4211 ruia
295 4165 393 4230 neque
407 4095 520 4212 cosbin
540 4152 657 4228 lortuito
676 4152 870 4224 obnubilatur,
900 4169 993 4230 nequa
1017 4155 1095 4226 gutta
1117 4149 1230 4228 pluviae

104 4248 143 4293 ex
162 4229 219 4291 nub
231 4232 283 4292 bus
303 4231 420 4302 decidit,
438 4251 533 4312 neque
552 4235 677 4292 tonitrua
695 4233 869 4303 excitantur,
889 4231 937 4290 sed
958 4247 1063 4289 arcano
1084 4226 1138 4287 llei
1158 4227 1230 4288 arbi·

104 4309 159 4370 lrio
179 4317 315 4390 reguntur
334 4329 432 4372 omnes
451 4313 521 4373 istus
536 4313 719 4384 ‹mutotioneo
738 4313 799 4370 sivo
818 4315 907 4370 terras
923 4311 1041 4389 irrignus
1056 4308 1151 4368 testari
1162 4307 1230 4367 velit

88 4387 262 4463 ,bominibus
282 4390 414 4454 bonitatis
425 4411 492 4452 runc
507 4391 696 4459 dulcedinems
716 4391 776 4450 sisc
791 4390 933 4472 procellis,
951 4387 1143 4470 grandinibus,
1154 4387 1230 4447 eliis·
