<?xml version="1.0" encoding="UTF-8"?>
<!DOCTYPE html PUBLIC "-//W3C//DTD XHTML 1.0 Transitional//EN"
    "http://www.w3.org/TR/xhtml1/DTD/xhtml1-transitional.dtd">
<html xmlns="http://www.w3.org/1999/xhtml" xml:lang="en" lang="en">
 <head>
  <title>
</title>
<meta http-equiv="Content-Type" content="text/html;charset=utf-8" />
  <meta name='ocr-system' content='tesseract 3.04.00' />
  <meta name='ocr-capabilities' content='ocr_page ocr_carea ocr_par ocr_line ocrx_word'/>
</head>
<body>
  <div class='ocr_page' id='page_1' title='image "./ioanniscalvinii04tholgoog_0138.png"; bbox 0 0 2874 4888; ppageno 0'>
   <div class='ocr_carea' id='block_1_1' title="bbox 487 301 1256 377">
    <p class='ocr_par' dir='ltr' id='par_1_1' title="bbox 487 301 1256 377">
     <span class='ocr_line' id='line_1_1' title="bbox 487 301 1256 377; baseline 0.03 -36"><span class='ocrx_word' id='word_1_1' title='bbox 487 301 532 342; x_wconf 74' lang='grc' dir='ltr'><strong>ιο</strong></span> <span class='ocrx_word' id='word_1_2' title='bbox 559 302 879 358; x_wconf 68' lang='lat' dir='ltr'><strong>re‘rrumxxxrx.</strong></span> <span class='ocrx_word' id='word_1_3' title='bbox 1173 317 1256 377; x_wconf 50' lang='lat' dir='ltr'><strong>x129</strong></span> 
     </span>
    </p>
   </div>
   <div class='ocr_carea' id='block_1_2' title="bbox 112 419 1274 1224">
    <p class='ocr_par' dir='ltr' id='par_1_2' title="bbox 112 419 1274 1224">
     <span class='ocr_line' id='line_1_2' title="bbox 112 419 1254 565; baseline 0.019 -83"><span class='ocrx_word' id='word_1_4' title='bbox 112 421 237 565; x_wconf 48' lang='grc' dir='ltr'><strong>ἴω</strong></span> <span class='ocrx_word' id='word_1_5' title='bbox 256 419 462 516; x_wconf 54' lang='lat' dir='ltr'><strong>mentiendum</strong></span> <span class='ocrx_word' id='word_1_6' title='bbox 480 422 667 488; x_wconf 74' lang='lat' dir='ltr'><strong>intercederet</strong></span> <span class='ocrx_word' id='word_1_7' title='bbox 677 425 836 490; x_wconf 83' lang='lat' dir='ltr'><strong>lladiator?</strong></span> <span class='ocrx_word' id='word_1_8' title='bbox 854 429 992 513; x_wconf 79' lang='lat' dir='ltr'><strong>Inmergo</strong></span> <span class='ocrx_word' id='word_1_9' title='bbox 1003 437 1154 516; x_wconf 73' lang='lat' dir='ltr'><strong>quattuor</strong></span> <span class='ocrx_word' id='word_1_10' title='bbox 1166 443 1254 522; x_wconf 73' lang='lat' dir='ltr'><strong>regni</strong></span> 
     </span>
     <span class='ocr_line' id='line_1_3' title="bbox 170 501 1253 590; baseline 0.021 -29"><span class='ocrx_word' id='word_1_11' title='bbox 170 501 277 582; x_wconf 84' lang='lat' dir='ltr'><strong>quibua</strong></span> <span class='ocrx_word' id='word_1_12' title='bbox 288 501 434 588; x_wconf 36' lang='lat' dir='ltr'><strong>,diximum</strong></span> <span class='ocrx_word' id='word_1_13' title='bbox 453 501 489 560; x_wconf 89' lang='lat' dir='ltr'><strong>ad</strong></span> <span class='ocrx_word' id='word_1_14' title='bbox 506 505 717 584; x_wconf 62' lang='lat' dir='ltr'><strong>noraaptandae</strong></span> <span class='ocrx_word' id='word_1_15' title='bbox 735 514 810 568; x_wconf 87' lang='lat' dir='ltr'><strong>anot.</strong></span> <span class='ocrx_word' id='word_1_16' title='bbox 839 507 930 574; x_wconf 85' lang='lat' dir='ltr'><strong>Sicuti</strong></span> <span class='ocrx_word' id='word_1_17' title='bbox 949 515 1026 590; x_wconf 80' lang='lat' dir='ltr'><strong>euim</strong></span> <span class='ocrx_word' id='word_1_18' title='bbox 1045 520 1195 580; x_wconf 71' lang='lat' dir='ltr'><strong>aeternitas</strong></span> <span class='ocrx_word' id='word_1_19' title='bbox 1215 522 1253 584; x_wconf 84' lang='lat' dir='ltr'><strong>ad</strong></span> 
     </span>
     <span class='ocr_line' id='line_1_4' title="bbox 112 580 1252 664; baseline 0.016 -21"><span class='ocrx_word' id='word_1_20' title='bbox 112 602 196 664; x_wconf 87' lang='lat' dir='ltr'><strong>apem</strong></span> <span class='ocrx_word' id='word_1_21' title='bbox 215 580 315 640; x_wconf 73' lang='lat' dir='ltr'><strong>bmtae</strong></span> <span class='ocrx_word' id='word_1_22' title='bbox 333 581 553 642; x_wconf 68' lang='lat' dir='ltr'><strong>immortalitatis</strong></span> <span class='ocrx_word' id='word_1_23' title='bbox 571 603 625 644; x_wconf 85' lang='lat' dir='ltr'><strong>noa</strong></span> <span class='ocrx_word' id='word_1_24' title='bbox 645 585 773 660; x_wconf 81' lang='lat' dir='ltr'><strong>deducit,</strong></span> <span class='ocrx_word' id='word_1_25' title='bbox 802 586 941 650; x_wconf 86' lang='lat' dir='ltr'><strong>invictum</strong></span> <span class='ocrx_word' id='word_1_26' title='bbox 964 599 1060 656; x_wconf 87' lang='lat' dir='ltr'><strong>autem</strong></span> <span class='ocrx_word' id='word_1_27' title='bbox 1085 598 1173 658; x_wconf 89' lang='lat' dir='ltr'><strong>robur</strong></span> <span class='ocrx_word' id='word_1_28' title='bbox 1192 603 1252 662; x_wconf 85' lang='lat' dir='ltr'><strong>eni·</strong></span> 
     </span>
     <span class='ocr_line' id='line_1_5' title="bbox 113 661 1251 757; baseline 0.017 -36"><span class='ocrx_word' id='word_1_29' title='bbox 113 681 178 724; x_wconf 81' lang='lat' dir='ltr'><strong>moe</strong></span> <span class='ocrx_word' id='word_1_30' title='bbox 197 667 315 720; x_wconf 85' lang='lat' dir='ltr'><strong>noetroe</strong></span> <span class='ocrx_word' id='word_1_31' title='bbox 333 661 507 740; x_wconf 79' lang='lat' dir='ltr'><strong>uanqoitiat,</strong></span> <span class='ocrx_word' id='word_1_32' title='bbox 526 668 556 722; x_wconf 90' lang='lat' dir='ltr'><strong>et</strong></span> <span class='ocrx_word' id='word_1_33' title='bbox 575 664 712 743; x_wconf 86' lang='lat' dir='ltr'><strong>quicquid</strong></span> <span class='ocrx_word' id='word_1_34' title='bbox 730 664 908 728; x_wconf 71' lang='lat' dir='ltr'><strong>machinetur</strong></span> <span class='ocrx_word' id='word_1_35' title='bbox 926 667 1025 747; x_wconf 86' lang='lat' dir='ltr'><strong>Satan,</strong></span> <span class='ocrx_word' id='word_1_36' title='bbox 1043 682 1074 734; x_wconf 93' lang='lat' dir='ltr'><strong>et</strong></span> <span class='ocrx_word' id='word_1_37' title='bbox 1093 677 1251 757; x_wconf 73' lang='lat' dir='ltr'><strong>quamlibet</strong></span> 
     </span>
     <span class='ocr_line' id='line_1_6' title="bbox 113 740 1251 834; baseline 0.014 -34"><span class='ocrx_word' id='word_1_38' title='bbox 113 743 213 804; x_wconf 79' lang='lat' dir='ltr'><strong>variae</strong></span> <span class='ocrx_word' id='word_1_39' title='bbox 231 747 340 800; x_wconf 80' lang='lat' dir='ltr'><strong>morter</strong></span> <span class='ocrx_word' id='word_1_40' title='bbox 358 757 412 800; x_wconf 86' lang='lat' dir='ltr'><strong>noe</strong></span> <span class='ocrx_word' id='word_1_41' title='bbox 436 740 624 814; x_wconf 80' lang='lat' dir='ltr'><strong>circumdent,</strong></span> <span class='ocrx_word' id='word_1_42' title='bbox 653 742 740 809; x_wconf 87' lang='lat' dir='ltr'><strong>iidem</strong></span> <span class='ocrx_word' id='word_1_43' title='bbox 764 753 892 806; x_wconf 76' lang='lat' dir='ltr'><strong>nostram</strong></span> <span class='ocrx_word' id='word_1_44' title='bbox 914 749 1017 810; x_wconf 86' lang='lat' dir='ltr'><strong>collabi</strong></span> <span class='ocrx_word' id='word_1_45' title='bbox 1044 771 1104 812; x_wconf 88' lang='lat' dir='ltr'><strong>non</strong></span> <span class='ocrx_word' id='word_1_46' title='bbox 1130 759 1251 834; x_wconf 80' lang='lat' dir='ltr'><strong>petitore</strong></span> 
     </span>
     <span class='ocr_line' id='line_1_7' title="bbox 113 821 1250 912; baseline 0.018 -35"><span class='ocrx_word' id='word_1_47' title='bbox 113 825 156 886; x_wconf 70' lang='lat' dir='ltr'><strong>ite</strong></span> <span class='ocrx_word' id='word_1_48' title='bbox 175 822 258 882; x_wconf 83' lang='lat' dir='ltr'><strong>venia</strong></span> <span class='ocrx_word' id='word_1_49' title='bbox 278 838 352 901; x_wconf 83' lang='lat' dir='ltr'><strong>quac</strong></span> <span class='ocrx_word' id='word_1_50' title='bbox 371 821 556 900; x_wconf 89' lang='lat' dir='ltr'><strong>promittitur,</strong></span> <span class='ocrx_word' id='word_1_51' title='bbox 574 821 611 880; x_wconf 87' lang='lat' dir='ltr'><strong>ad</strong></span> <span class='ocrx_word' id='word_1_52' title='bbox 630 823 778 901; x_wconf 75' lang='lat' dir='ltr'><strong>spirituale</strong></span> <span class='ocrx_word' id='word_1_53' title='bbox 797 824 904 886; x_wconf 75' lang='lat' dir='ltr'><strong>chriso</strong></span> <span class='ocrx_word' id='word_1_54' title='bbox 993 849 1041 890; x_wconf 89' lang='lat' dir='ltr'><strong>nm</strong></span> <span class='ocrx_word' id='word_1_55' title='bbox 1061 836 1194 912; x_wconf 81' lang='lat' dir='ltr'><strong>pertinet,</strong></span> <span class='ocrx_word' id='word_1_56' title='bbox 1214 839 1250 896; x_wconf 87' lang='lat' dir='ltr'><strong>ri·</strong></span> 
     </span>
     <span class='ocr_line' id='line_1_8' title="bbox 113 898 1251 988; baseline 0.015 -28"><span class='ocrx_word' id='word_1_57' title='bbox 113 902 174 964; x_wconf 83' lang='lat' dir='ltr'><strong>euti</strong></span> <span class='ocrx_word' id='word_1_58' title='bbox 192 902 280 962; x_wconf 88' lang='lat' dir='ltr'><strong>etiam</strong></span> <span class='ocrx_word' id='word_1_59' title='bbox 299 918 337 962; x_wconf 79' lang='lat' dir='ltr'><strong>ex</strong></span> <span class='ocrx_word' id='word_1_60' title='bbox 355 898 412 960; x_wconf 88' lang='lat' dir='ltr'><strong>iroe</strong></span> <span class='ocrx_word' id='word_1_61' title='bbox 435 899 501 960; x_wconf 89' lang='lat' dir='ltr'><strong>loeo</strong></span> <span class='ocrx_word' id='word_1_62' title='bbox 520 918 611 988; x_wconf 75' lang='lat' dir='ltr'><strong>aequo</strong></span> <span class='ocrx_word' id='word_1_63' title='bbox 633 902 789 982; x_wconf 75' lang='lat' dir='ltr'><strong>colligitur,</strong></span> <span class='ocrx_word' id='word_1_64' title='bbox 822 904 944 968; x_wconf 85' lang='lat' dir='ltr'><strong>ealutem</strong></span> <span class='ocrx_word' id='word_1_65' title='bbox 1033 914 1108 972; x_wconf 82' lang='lat' dir='ltr'><strong>eeiae</strong></span> <span class='ocrx_word' id='word_1_66' title='bbox 1136 917 1251 977; x_wconf 75' lang='lat' dir='ltr'><strong>nomini</strong></span> 
     </span>
     <span class='ocr_line' id='line_1_9' title="bbox 112 978 1250 1074; baseline 0.019 -38"><span class='ocrx_word' id='word_1_67' title='bbox 112 984 144 1044; x_wconf 76' lang='lat' dir='ltr'><strong>in</strong></span> <span class='ocrx_word' id='word_1_68' title='bbox 164 978 223 1042; x_wconf 84' lang='lat' dir='ltr'><strong>Dei</strong></span> <span class='ocrx_word' id='word_1_69' title='bbox 241 980 332 1061; x_wconf 73' lang='lat' dir='ltr'><strong>gratia</strong></span> <span class='ocrx_word' id='word_1_70' title='bbox 352 985 382 1040; x_wconf 90' lang='lat' dir='ltr'><strong>et</strong></span> <span class='ocrx_word' id='word_1_71' title='bbox 400 981 522 1040; x_wconf 84' lang='lat' dir='ltr'><strong>veritate</strong></span> <span class='ocrx_word' id='word_1_72' title='bbox 540 982 705 1042; x_wconf 84' lang='lat' dir='ltr'><strong>coneietere.</strong></span> <span class='ocrx_word' id='word_1_73' title='bbox 744 982 777 1042; x_wconf 89' lang='lat' dir='ltr'><strong>Si</strong></span> <span class='ocrx_word' id='word_1_74' title='bbox 797 985 862 1064; x_wconf 86' lang='lat' dir='ltr'><strong>qnia</strong></span> <span class='ocrx_word' id='word_1_75' title='bbox 882 983 1008 1062; x_wconf 87' lang='lat' dir='ltr'><strong>obiiciat,</strong></span> <span class='ocrx_word' id='word_1_76' title='bbox 1033 1009 1180 1074; x_wconf 82' lang='lat' dir='ltr'><strong>nunquam</strong></span> <span class='ocrx_word' id='word_1_77' title='bbox 1199 995 1250 1057; x_wconf 86' lang='lat' dir='ltr'><strong>de-</strong></span> 
     </span>
     <span class='ocr_line' id='line_1_10' title="bbox 112 1057 1274 1146; baseline 0.017 -28"><span class='ocrx_word' id='word_1_78' title='bbox 112 1063 201 1124; x_wconf 82' lang='lat' dir='ltr'><strong>linere</strong></span> <span class='ocrx_word' id='word_1_79' title='bbox 219 1061 250 1120; x_wconf 89' lang='lat' dir='ltr'><strong>in</strong></span> <span class='ocrx_word' id='word_1_80' title='bbox 269 1065 366 1120; x_wconf 86' lang='lat' dir='ltr'><strong>totum</strong></span> <span class='ocrx_word' id='word_1_81' title='bbox 383 1059 433 1138; x_wconf 86' lang='lat' dir='ltr'><strong>qui</strong></span> <span class='ocrx_word' id='word_1_82' title='bbox 451 1059 571 1139; x_wconf 70' lang='lat' dir='ltr'><strong>regeniti</strong></span> <span class='ocrx_word' id='word_1_83' title='bbox 593 1067 659 1120; x_wconf 84' lang='lat' dir='ltr'><strong>aaut</strong></span> <span class='ocrx_word' id='word_1_84' title='bbox 679 1057 736 1122; x_wconf 84' lang='lat' dir='ltr'><strong>Dei</strong></span> <span class='ocrx_word' id='word_1_85' title='bbox 754 1061 879 1144; x_wconf 83' lang='lat' dir='ltr'><strong>Spiritu,</strong></span> <span class='ocrx_word' id='word_1_86' title='bbox 908 1067 975 1146; x_wconf 79' lang='lat' dir='ltr'><strong>quia</strong></span> <span class='ocrx_word' id='word_1_87' title='bbox 1000 1087 1098 1132; x_wconf 76' lang='lat' dir='ltr'><strong>comen</strong></span> <span class='ocrx_word' id='word_1_88' title='bbox 1121 1074 1249 1136; x_wconf 80' lang='lat' dir='ltr'><strong>incorru·</strong></span> <span class='ocrx_word' id='word_1_89' title='bbox 1272 1109 1274 1118; x_wconf 75' lang='lat'>=</span> 
     </span>
     <span class='ocr_line' id='line_1_11' title="bbox 112 1138 1248 1224; baseline 0.012 -23"><span class='ocrx_word' id='word_1_90' title='bbox 112 1141 213 1224; x_wconf 82' lang='lat' dir='ltr'><strong>pribile</strong></span> <span class='ocrx_word' id='word_1_91' title='bbox 231 1142 262 1200; x_wconf 89' lang='lat' dir='ltr'><strong>in</strong></span> <span class='ocrx_word' id='word_1_92' title='bbox 280 1140 350 1218; x_wconf 79' lang='lat' dir='ltr'><strong>ipris</strong></span> <span class='ocrx_word' id='word_1_93' title='bbox 369 1144 477 1200; x_wconf 83' lang='lat' dir='ltr'><strong>manet:</strong></span> <span class='ocrx_word' id='word_1_94' title='bbox 502 1138 532 1200; x_wconf 85' lang='lat' dir='ltr'><strong>id</strong></span> <span class='ocrx_word' id='word_1_95' title='bbox 551 1139 729 1203; x_wconf 77' lang='lat' dir='ltr'><strong>reriaaimum</strong></span> <span class='ocrx_word' id='word_1_96' title='bbox 748 1161 811 1204; x_wconf 79' lang='lat' dir='ltr'><strong>eece</strong></span> <span class='ocrx_word' id='word_1_97' title='bbox 830 1141 932 1206; x_wconf 79' lang='lat' dir='ltr'><strong>luteor-</strong></span> <span class='ocrx_word' id='word_1_98' title='bbox 963 1145 1025 1210; x_wconf 85' lang='lat' dir='ltr'><strong>Nec</strong></span> <span class='ocrx_word' id='word_1_99' title='bbox 1043 1169 1115 1212; x_wconf 79' lang='lat' dir='ltr'><strong>vero</strong></span> <span class='ocrx_word' id='word_1_100' title='bbox 1133 1155 1248 1215; x_wconf 83' lang='lat' dir='ltr'><strong>unirer·</strong></span> 
     </span>
    </p>
   </div>
   <div class='ocr_carea' id='block_1_3' title="bbox 18 1216 1248 1302">
    <p class='ocr_par' dir='ltr' id='par_1_3' title="bbox 18 1216 1248 1302">
     <span class='ocr_line' id='line_1_12' title="bbox 18 1216 1248 1302; baseline 0.02 -32"><span class='ocrx_word' id='word_1_101' title='bbox 18 1223 20 1242; x_wconf 79' lang='grc'><em>’</em></span> <span class='ocrx_word' id='word_1_102' title='bbox 112 1223 180 1282; x_wconf 69' lang='lat' dir='ltr'><strong>ralis</strong></span> <span class='ocrx_word' id='word_1_103' title='bbox 206 1218 329 1280; x_wconf 88' lang='lat' dir='ltr'><strong>delectio</strong></span> <span class='ocrx_word' id='word_1_104' title='bbox 352 1216 399 1278; x_wconf 88' lang='lat' dir='ltr'><strong>hio</strong></span> <span class='ocrx_word' id='word_1_105' title='bbox 422 1224 552 1291; x_wconf 85' lang='lat' dir='ltr'><strong>notatur,</strong></span> <span class='ocrx_word' id='word_1_106' title='bbox 583 1225 614 1279; x_wconf 90' lang='lat' dir='ltr'><strong>ut</strong></span> <span class='ocrx_word' id='word_1_107' title='bbox 638 1221 711 1280; x_wconf 87' lang='lat' dir='ltr'><strong>nihil</strong></span> <span class='ocrx_word' id='word_1_108' title='bbox 735 1222 847 1302; x_wconf 84' lang='lat' dir='ltr'><strong>pictatia</strong></span> <span class='ocrx_word' id='word_1_109' title='bbox 870 1234 984 1288; x_wconf 85' lang='lat' dir='ltr'><strong>maneat</strong></span> <span class='ocrx_word' id='word_1_110' title='bbox 1007 1230 1176 1292; x_wconf 72' lang='lat' dir='ltr'><strong>reeidnnmr</strong></span> <span class='ocrx_word' id='word_1_111' title='bbox 1195 1235 1248 1294; x_wconf 81' lang='lat' dir='ltr'><strong>aad</strong></span> 
     </span>
    </p>
   </div>
   <div class='ocr_carea' id='block_1_4' title="bbox 32 1296 1326 4496">
    <p class='ocr_par' dir='ltr' id='par_1_4' title="bbox 111 1296 1297 1788">
     <span class='ocr_line' id='line_1_13' title="bbox 112 1296 1247 1392; baseline 0.008 -31"><span class='ocrx_word' id='word_1_112' title='bbox 112 1305 180 1384; x_wconf 83' lang='lat' dir='ltr'><strong>qnia</strong></span> <span class='ocrx_word' id='word_1_113' title='bbox 198 1299 342 1360; x_wconf 83' lang='lat' dir='ltr'><strong>interdum</strong></span> <span class='ocrx_word' id='word_1_114' title='bbox 362 1299 500 1376; x_wconf 75' lang='lat' dir='ltr'><strong>contingit</strong></span> <span class='ocrx_word' id='word_1_115' title='bbox 517 1296 615 1360; x_wconf 85' lang='lat' dir='ltr'><strong>iidelea</strong></span> <span class='ocrx_word' id='word_1_116' title='bbox 635 1301 674 1360; x_wconf 91' lang='lat' dir='ltr'><strong>ita</strong></span> <span class='ocrx_word' id='word_1_117' title='bbox 692 1301 792 1380; x_wconf 77' lang='lat' dir='ltr'><strong>iugum</strong></span> <span class='ocrx_word' id='word_1_118' title='bbox 816 1311 965 1379; x_wconf 82' lang='lat' dir='ltr'><strong>excutere,</strong></span> <span class='ocrx_word' id='word_1_119' title='bbox 989 1314 1023 1370; x_wconf 88' lang='lat' dir='ltr'><strong>ut</strong></span> <span class='ocrx_word' id='word_1_120' title='bbox 1042 1310 1131 1370; x_wconf 85' lang='lat' dir='ltr'><strong>rideri</strong></span> <span class='ocrx_word' id='word_1_121' title='bbox 1155 1313 1247 1392; x_wconf 82' lang='lat' dir='ltr'><strong>poerit</strong></span> 
     </span>
     <span class='ocr_line' id='line_1_14' title="bbox 111 1376 1246 1472; baseline 0.01 -31"><span class='ocrx_word' id='word_1_122' title='bbox 111 1381 272 1472; x_wconf 64' lang='lat' dir='ltr'><strong>rationetur</strong></span> <span class='ocrx_word' id='word_1_123' title='bbox 283 1379 315 1438; x_wconf 90' lang='lat' dir='ltr'><strong>iu</strong></span> <span class='ocrx_word' id='word_1_124' title='bbox 328 1377 383 1438; x_wconf 83' lang='lat' dir='ltr'><strong>illia</strong></span> <span class='ocrx_word' id='word_1_125' title='bbox 393 1376 448 1472; x_wconf 80' lang='lat' dir='ltr'><strong>Dei</strong></span> <span class='ocrx_word' id='word_1_126' title='bbox 467 1378 570 1438; x_wconf 76' lang='lat' dir='ltr'><strong>tinore</strong></span> <span class='ocrx_word' id='word_1_127' title='bbox 588 1378 655 1440; x_wconf 89' lang='lat' dir='ltr'><strong>iden</strong></span> <span class='ocrx_word' id='word_1_128' title='bbox 673 1399 790 1442; x_wconf 73' lang='lat' dir='ltr'><strong>necmae</strong></span> <span class='ocrx_word' id='word_1_129' title='bbox 807 1381 862 1444; x_wconf 81' lang='lat' dir='ltr'><strong>suit</strong></span> <span class='ocrx_word' id='word_1_130' title='bbox 880 1386 1024 1448; x_wconf 79' lang='lat' dir='ltr'><strong>atmoibua</strong></span> <span class='ocrx_word' id='word_1_131' title='bbox 1043 1407 1162 1472; x_wconf 81' lang='lat' dir='ltr'><strong>quoque</strong></span> <span class='ocrx_word' id='word_1_132' title='bbox 1181 1411 1246 1472; x_wconf 81' lang='lat' dir='ltr'><strong>pee-</strong></span> 
     </span>
     <span class='ocr_line' id='line_1_15' title="bbox 111 1457 1247 1541; baseline 0.009 -17"><span class='ocrx_word' id='word_1_133' title='bbox 111 1464 183 1524; x_wconf 79' lang='lat' dir='ltr'><strong>catir</strong></span> <span class='ocrx_word' id='word_1_134' title='bbox 207 1475 321 1522; x_wconf 84' lang='lat' dir='ltr'><strong>remam</strong></span> <span class='ocrx_word' id='word_1_135' title='bbox 363 1457 487 1529; x_wconf 75' lang='lat' dir='ltr'><strong>remitti,</strong></span> <span class='ocrx_word' id='word_1_136' title='bbox 514 1477 552 1518; x_wconf 86' lang='lat' dir='ltr'><strong>uo</strong></span> <span class='ocrx_word' id='word_1_137' title='bbox 575 1477 626 1520; x_wconf 86' lang='lat' dir='ltr'><strong>eoa</strong></span> <span class='ocrx_word' id='word_1_138' title='bbox 651 1458 847 1541; x_wconf 72' lang='lat' dir='ltr'><strong>desperatione</strong></span> <span class='ocrx_word' id='word_1_139' title='bbox 876 1462 1008 1527; x_wconf 82' lang='lat' dir='ltr'><strong>obmeret</strong></span> <span class='ocrx_word' id='word_1_140' title='bbox 1037 1468 1101 1530; x_wconf 82' lang='lat' dir='ltr'><strong>tolie</strong></span> <span class='ocrx_word' id='word_1_141' title='bbox 1148 1469 1247 1534; x_wconf 86' lang='lat' dir='ltr'><strong>nilibet</strong></span> 
     </span>
     <span class='ocr_line' id='line_1_16' title="bbox 111 1477 1246 1644; baseline 0.014 -48"><span class='ocrx_word' id='word_1_142' title='bbox 111 1543 219 1624; x_wconf 66' lang='lat' dir='ltr'><strong>lapan..</strong></span> <span class='ocrx_word' id='word_1_143' title='bbox 236 1477 425 1635; x_wconf 37' lang='lat' dir='ltr'><strong>‚lm-15⁸&amp;</strong></span> <span class='ocrx_word' id='word_1_144' title='bbox 449 1537 486 1598; x_wconf 87' lang='lat' dir='ltr'><strong>ad</strong></span> <span class='ocrx_word' id='word_1_145' title='bbox 504 1543 619 1618; x_wconf 79' lang='lat' dir='ltr'><strong>tempor</strong></span> <span class='ocrx_word' id='word_1_146' title='bbox 639 1539 717 1600; x_wconf 84' lang='lat' dir='ltr'><strong>riano</strong></span> <span class='ocrx_word' id='word_1_147' title='bbox 735 1547 780 1601; x_wconf 83' lang='lat' dir='ltr'><strong>eet</strong></span> <span class='ocrx_word' id='word_1_148' title='bbox 797 1541 828 1602; x_wconf 92' lang='lat' dir='ltr'><strong>in</strong></span> <span class='ocrx_word' id='word_1_149' title='bbox 846 1545 969 1623; x_wconf 71' lang='lat' dir='ltr'><strong>speciem</strong></span> <span class='ocrx_word' id='word_1_150' title='bbox 982 1545 1106 1644; x_wconf 40' lang='lat' dir='ltr'><strong>&#39;orbator</strong></span> <span class='ocrx_word' id='word_1_151' title='bbox 1124 1491 1246 1632; x_wconf 51' lang='lat' dir='ltr'><strong>§piritu</strong></span> 
     </span>
     <span class='ocr_line' id='line_1_17' title="bbox 111 1615 1297 1788; baseline 0.007 -24"><span class='ocrx_word' id='word_1_152' title='bbox 111 1631 201 1764; x_wconf 69' lang='lat' dir='ltr'><strong>rer</strong></span> <span class='ocrx_word' id='word_1_153' title='bbox 219 1615 829 1779; x_wconf 38' lang='lat' dir='ltr'><strong>bernw„</strong></span> <span class='ocrx_word' id='word_1_154' title='bbox 842 1625 1246 1788; x_wconf 59' lang='lat' dir='ltr'><strong>cruenter</strong></span> <span class='ocrx_word' id='word_1_155' title='bbox 1282 1690 1297 1742; x_wconf 68' lang='grc' dir='ltr'><strong>ε</strong></span> 
     </span>
    </p>

    <p class='ocr_par' dir='ltr' id='par_1_5' title="bbox 32 1777 1326 4496">
     <span class='ocr_line' id='line_1_18' title="bbox 110 1777 1326 1867; baseline 0.007 -25"><span class='ocrx_word' id='word_1_156' title='bbox 110 1781 251 1842; x_wconf 77' lang='lat' dir='ltr'><strong>meierum</strong></span> <span class='ocrx_word' id='word_1_157' title='bbox 279 1779 405 1856; x_wconf 73' lang='lat' dir='ltr'><strong>gmvitaa</strong></span> <span class='ocrx_word' id='word_1_158' title='bbox 426 1782 521 1838; x_wconf 87' lang='lat' dir='ltr'><strong>arceat</strong></span> <span class='ocrx_word' id='word_1_159' title='bbox 544 1777 592 1837; x_wconf 86' lang='lat' dir='ltr'><strong>vel</strong></span> <span class='ocrx_word' id='word_1_160' title='bbox 614 1778 749 1858; x_wconf 89' lang='lat' dir='ltr'><strong>impediat</strong></span> <span class='ocrx_word' id='word_1_161' title='bbox 773 1798 791 1840; x_wconf 90' lang='lat' dir='ltr'><strong>a</strong></span> <span class='ocrx_word' id='word_1_162' title='bbox 814 1783 1042 1846; x_wconf 73' lang='lat' dir='ltr'><strong>reconciliatione</strong></span> <span class='ocrx_word' id='word_1_163' title='bbox 1072 1791 1243 1867; x_wconf 79' lang='lat' dir='ltr'><strong>quouanda.</strong></span> <span class='ocrx_word' id='word_1_164' title='bbox 1316 1789 1326 1800; x_wconf 78' lang='grc'><strong>“</strong></span> 
     </span>
     <span class='ocr_line' id='line_1_19' title="bbox 111 1857 1244 1944; baseline 0.008 -21"><span class='ocrx_word' id='word_1_165' title='bbox 111 1861 195 1924; x_wconf 87' lang='lat' dir='ltr'><strong>Unde</strong></span> <span class='ocrx_word' id='word_1_166' title='bbox 219 1859 306 1921; x_wconf 87' lang='lat' dir='ltr'><strong>etiam</strong></span> <span class='ocrx_word' id='word_1_167' title='bbox 331 1857 494 1938; x_wconf 71' lang='lat' dir='ltr'><strong>coarguitur</strong></span> <span class='ocrx_word' id='word_1_168' title='bbox 519 1857 605 1918; x_wconf 87' lang='lat' dir='ltr'><strong>nimia</strong></span> <span class='ocrx_word' id='word_1_169' title='bbox 623 1867 755 1920; x_wconf 84' lang='lat' dir='ltr'><strong>veterum</strong></span> <span class='ocrx_word' id='word_1_170' title='bbox 773 1862 921 1938; x_wconf 79' lang='lat' dir='ltr'><strong>reveritae,</strong></span> <span class='ocrx_word' id='word_1_171' title='bbox 951 1865 1054 1944; x_wconf 78' lang='lat' dir='ltr'><strong>quitor</strong></span> <span class='ocrx_word' id='word_1_172' title='bbox 1073 1869 1177 1930; x_wconf 87' lang='lat' dir='ltr'><strong>iterum</strong></span> <span class='ocrx_word' id='word_1_173' title='bbox 1196 1871 1244 1932; x_wconf 87' lang='lat' dir='ltr'><strong>vel</strong></span> 
     </span>
     <span class='ocr_line' id='line_1_20' title="bbox 110 1937 1243 2022; baseline 0.007 -20"><span class='ocrx_word' id='word_1_174' title='bbox 110 1943 196 2002; x_wconf 83' lang='lat' dir='ltr'><strong>tertio</strong></span> <span class='ocrx_word' id='word_1_175' title='bbox 220 1941 318 2020; x_wconf 83' lang='lat' dir='ltr'><strong>lapaoe</strong></span> <span class='ocrx_word' id='word_1_176' title='bbox 340 1937 377 1998; x_wconf 86' lang='lat' dir='ltr'><strong>ad</strong></span> <span class='ocrx_word' id='word_1_177' title='bbox 400 1937 602 2017; x_wconf 75' lang='lat' dir='ltr'><strong>poenitentiam</strong></span> <span class='ocrx_word' id='word_1_178' title='bbox 626 1937 776 2000; x_wconf 72' lang='lat' dir='ltr'><strong>admittere</strong></span> <span class='ocrx_word' id='word_1_179' title='bbox 799 1939 898 2022; x_wconf 76' lang='lat' dir='ltr'><strong>religio</strong></span> <span class='ocrx_word' id='word_1_180' title='bbox 917 1941 980 2004; x_wconf 85' lang='lat' dir='ltr'><strong>fnit</strong></span> <span class='ocrx_word' id='word_1_181' title='bbox 1020 1943 1082 2007; x_wconf 81' lang='lat' dir='ltr'><strong>Etri</strong></span> <span class='ocrx_word' id='word_1_182' title='bbox 1101 1950 1177 2010; x_wconf 86' lang='lat' dir='ltr'><strong>eninr</strong></span> <span class='ocrx_word' id='word_1_183' title='bbox 1196 1969 1243 2010; x_wconf 86' lang='lat' dir='ltr'><strong>oe·</strong></span> 
     </span>
     <span class='ocr_line' id='line_1_21' title="bbox 109 2014 1243 2112; baseline 0.008 -30"><span class='ocrx_word' id='word_1_184' title='bbox 109 2021 236 2082; x_wconf 77' lang='lat' dir='ltr'><strong>rendum</strong></span> <span class='ocrx_word' id='word_1_185' title='bbox 254 2025 300 2080; x_wconf 80' lang='lat' dir='ltr'><strong>eet</strong></span> <span class='ocrx_word' id='word_1_186' title='bbox 318 2035 355 2080; x_wconf 89' lang='lat' dir='ltr'><strong>ne</strong></span> <span class='ocrx_word' id='word_1_187' title='bbox 374 2017 449 2112; x_wconf 75' lang='lat' dir='ltr'><strong>vitii·</strong></span> <span class='ocrx_word' id='word_1_188' title='bbox 468 2014 592 2078; x_wconf 84' lang='lat' dir='ltr'><strong>habenae</strong></span> <span class='ocrx_word' id='word_1_189' title='bbox 621 2016 701 2078; x_wconf 81' lang='lat' dir='ltr'><strong>laxet</strong></span> <span class='ocrx_word' id='word_1_190' title='bbox 723 2017 858 2096; x_wconf 81' lang='lat' dir='ltr'><strong>faciliter,</strong></span> <span class='ocrx_word' id='word_1_191' title='bbox 887 2029 950 2082; x_wconf 71' lang='lat' dir='ltr'><strong>uon‘</strong></span> <span class='ocrx_word' id='word_1_192' title='bbox 969 2025 1064 2106; x_wconf 84' lang='lat' dir='ltr'><strong>minua</strong></span> <span class='ocrx_word' id='word_1_193' title='bbox 1084 2034 1179 2090; x_wconf 88' lang='lat' dir='ltr'><strong>tamen</strong></span> <span class='ocrx_word' id='word_1_194' title='bbox 1198 2035 1243 2090; x_wconf 85' lang='lat' dir='ltr'><strong>eat</strong></span> 
     </span>
     <span class='ocr_line' id='line_1_22' title="bbox 109 2095 1243 2184; baseline 0.007 -22"><span class='ocrx_word' id='word_1_195' title='bbox 109 2099 230 2184; x_wconf 76' lang='lat' dir='ltr'><strong>periculi</strong></span> <span class='ocrx_word' id='word_1_196' title='bbox 253 2099 286 2158; x_wconf 89' lang='lat' dir='ltr'><strong>in</strong></span> <span class='ocrx_word' id='word_1_197' title='bbox 309 2099 403 2178; x_wconf 75' lang='lat' dir='ltr'><strong>rigore</strong></span> <span class='ocrx_word' id='word_1_198' title='bbox 426 2095 590 2156; x_wconf 87' lang='lat' dir='ltr'><strong>rmraodioo.</strong></span> <span class='ocrx_word' id='word_1_199' title='bbox 628 2095 740 2158; x_wconf 77' lang='lat' dir='ltr'><strong>Interea</strong></span> <span class='ocrx_word' id='word_1_200' title='bbox 763 2099 921 2162; x_wconf 87' lang='lat' dir='ltr'><strong>notandum</strong></span> <span class='ocrx_word' id='word_1_201' title='bbox 945 2110 1003 2179; x_wconf 84' lang='lat' dir='ltr'><strong>ert,</strong></span> <span class='ocrx_word' id='word_1_202' title='bbox 1032 2106 1081 2166; x_wconf 91' lang='lat' dir='ltr'><strong>ubi</strong></span> <span class='ocrx_word' id='word_1_203' title='bbox 1105 2106 1186 2169; x_wconf 77' lang='lat' dir='ltr'><strong>Deos</strong></span> <span class='ocrx_word' id='word_1_204' title='bbox 1209 2128 1243 2170; x_wconf 84' lang='lat' dir='ltr'><strong>aa</strong></span> 
     </span>
     <span class='ocr_line' id='line_1_23' title="bbox 110 2175 1241 2263; baseline 0.006 -25"><span class='ocrx_word' id='word_1_205' title='bbox 110 2176 364 2261; x_wconf 71' lang='lat' dir='ltr'><strong>tumgreerorilrue</strong></span> <span class='ocrx_word' id='word_1_206' title='bbox 388 2175 453 2236; x_wconf 86' lang='lat' dir='ltr'><strong>lore</strong></span> <span class='ocrx_word' id='word_1_207' title='bbox 475 2177 629 2256; x_wconf 90' lang='lat' dir='ltr'><strong>propitium</strong></span> <span class='ocrx_word' id='word_1_208' title='bbox 653 2177 816 2252; x_wconf 88' lang='lat' dir='ltr'><strong>denuntiat,</strong></span> <span class='ocrx_word' id='word_1_209' title='bbox 845 2182 895 2259; x_wconf 86' lang='lat' dir='ltr'><strong>qni</strong></span> <span class='ocrx_word' id='word_1_210' title='bbox 917 2179 1023 2263; x_wconf 77' lang='lat' dir='ltr'><strong>Legem</strong></span> <span class='ocrx_word' id='word_1_211' title='bbox 1046 2204 1128 2246; x_wconf 84' lang='lat' dir='ltr'><strong>anam</strong></span> <span class='ocrx_word' id='word_1_212' title='bbox 1152 2189 1241 2250; x_wconf 66' lang='lat' dir='ltr'><strong>dola-</strong></span> 
     </span>
     <span class='ocr_line' id='line_1_24' title="bbox 109 2255 1240 2348; baseline 0.007 -28"><span class='ocrx_word' id='word_1_213' title='bbox 109 2261 214 2336; x_wconf 81' lang='lat' dir='ltr'><strong>rerint,</strong></span> <span class='ocrx_word' id='word_1_214' title='bbox 237 2265 268 2320; x_wconf 91' lang='lat' dir='ltr'><strong>et</strong></span> <span class='ocrx_word' id='word_1_215' title='bbox 285 2256 418 2320; x_wconf 86' lang='lat' dir='ltr'><strong>mandata</strong></span> <span class='ocrx_word' id='word_1_216' title='bbox 437 2255 663 2337; x_wconf 74' lang='lat' dir='ltr'><strong>profanaverint,</strong></span> <span class='ocrx_word' id='word_1_217' title='bbox 686 2259 818 2318; x_wconf 75' lang='lat' dir='ltr'><strong>consulto</strong></span> <span class='ocrx_word' id='word_1_218' title='bbox 842 2260 956 2321; x_wconf 83' lang='lat' dir='ltr'><strong>odiosae</strong></span> <span class='ocrx_word' id='word_1_219' title='bbox 979 2264 1047 2324; x_wconf 87' lang='lat' dir='ltr'><strong>iataa</strong></span> <span class='ocrx_word' id='word_1_220' title='bbox 1067 2285 1154 2327; x_wconf 81' lang='lat' dir='ltr'><strong>roceo</strong></span> <span class='ocrx_word' id='word_1_221' title='bbox 1173 2287 1240 2348; x_wconf 91' lang='lat' dir='ltr'><strong>pro-</strong></span> 
     </span>
     <span class='ocr_line' id='line_1_25' title="bbox 111 2335 1238 2416; baseline 0.005 -14"><span class='ocrx_word' id='word_1_222' title='bbox 111 2341 192 2416; x_wconf 76' lang='lat' dir='ltr'><strong>lerre,</strong></span> <span class='ocrx_word' id='word_1_223' title='bbox 211 2346 247 2400; x_wconf 89' lang='lat' dir='ltr'><strong>nt</strong></span> <span class='ocrx_word' id='word_1_224' title='bbox 263 2355 318 2398; x_wconf 86' lang='lat' dir='ltr'><strong>noe</strong></span> <span class='ocrx_word' id='word_1_225' title='bbox 336 2337 366 2397; x_wconf 90' lang='lat' dir='ltr'><strong>in</strong></span> <span class='ocrx_word' id='word_1_226' title='bbox 377 2335 511 2396; x_wconf 84' lang='lat' dir='ltr'><strong>vitiorum</strong></span> <span class='ocrx_word' id='word_1_227' title='bbox 530 2335 628 2398; x_wconf 87' lang='lat' dir='ltr'><strong>odium</strong></span> <span class='ocrx_word' id='word_1_228' title='bbox 647 2341 678 2396; x_wconf 91' lang='lat' dir='ltr'><strong>et</strong></span> <span class='ocrx_word' id='word_1_229' title='bbox 690 2335 904 2406; x_wconf 82' lang='lat' dir='ltr'><strong>detentationem</strong></span> <span class='ocrx_word' id='word_1_230' title='bbox 917 2341 1048 2412; x_wconf 76' lang='lat' dir='ltr'><strong>adducat,</strong></span> <span class='ocrx_word' id='word_1_231' title='bbox 1067 2364 1126 2405; x_wconf 91' lang='lat' dir='ltr'><strong>nou</strong></span> <span class='ocrx_word' id='word_1_232' title='bbox 1139 2355 1238 2408; x_wconf 75' lang='lat' dir='ltr'><strong>mrtem</strong></span> 
     </span>
     <span class='ocr_line' id='line_1_26' title="bbox 110 2413 1239 2503; baseline 0.004 -21"><span class='ocrx_word' id='word_1_233' title='bbox 110 2421 210 2482; x_wconf 87' lang='lat' dir='ltr'><strong>alliciet</strong></span> <span class='ocrx_word' id='word_1_234' title='bbox 228 2418 266 2479; x_wconf 90' lang='lat' dir='ltr'><strong>ad</strong></span> <span class='ocrx_word' id='word_1_235' title='bbox 286 2413 471 2498; x_wconf 84' lang='lat' dir='ltr'><strong>peccandum.</strong></span> <span class='ocrx_word' id='word_1_236' title='bbox 509 2413 631 2476; x_wconf 84' lang='lat' dir='ltr'><strong>Summa</strong></span> <span class='ocrx_word' id='word_1_237' title='bbox 649 2415 765 2496; x_wconf 85' lang='lat' dir='ltr'><strong>qrridem</strong></span> <span class='ocrx_word' id='word_1_238' title='bbox 783 2415 856 2478; x_wconf 87' lang='lat' dir='ltr'><strong>lraee</strong></span> <span class='ocrx_word' id='word_1_239' title='bbox 873 2421 994 2481; x_wconf 88' lang='lat' dir='ltr'><strong>tenenda</strong></span> <span class='ocrx_word' id='word_1_240' title='bbox 1013 2429 1071 2496; x_wconf 85' lang='lat' dir='ltr'><strong>ert,</strong></span> <span class='ocrx_word' id='word_1_241' title='bbox 1095 2422 1239 2503; x_wconf 80' lang='lat' dir='ltr'><strong>Quamvie</strong></span> 
     </span>
     <span class='ocr_line' id='line_1_27' title="bbox 107 2493 1240 2584; baseline 0.003 -22"><span class='ocrx_word' id='word_1_242' title='bbox 107 2521 166 2562; x_wconf 87' lang='lat' dir='ltr'><strong>nou</strong></span> <span class='ocrx_word' id='word_1_243' title='bbox 184 2499 265 2560; x_wconf 91' lang='lat' dir='ltr'><strong>omni</strong></span> <span class='ocrx_word' id='word_1_244' title='bbox 284 2517 323 2560; x_wconf 83' lang='lat' dir='ltr'><strong>ex</strong></span> <span class='ocrx_word' id='word_1_245' title='bbox 341 2501 423 2577; x_wconf 87' lang='lat' dir='ltr'><strong>parte</strong></span> <span class='ocrx_word' id='word_1_246' title='bbox 442 2495 548 2574; x_wconf 72' lang='lat' dir='ltr'><strong>gratiae</strong></span> <span class='ocrx_word' id='word_1_247' title='bbox 567 2493 624 2556; x_wconf 88' lang='lat' dir='ltr'><strong>Dei</strong></span> <span class='ocrx_word' id='word_1_248' title='bbox 642 2497 833 2577; x_wconf 68' lang='lat' dir='ltr'><strong>respondeant</strong></span> <span class='ocrx_word' id='word_1_249' title='bbox 850 2496 963 2574; x_wconf 79' lang='lat' dir='ltr'><strong>fideles,</strong></span> <span class='ocrx_word' id='word_1_250' title='bbox 986 2501 1109 2584; x_wconf 84' lang='lat' dir='ltr'><strong>ideoque</strong></span> <span class='ocrx_word' id='word_1_251' title='bbox 1126 2504 1240 2566; x_wconf 86' lang='lat' dir='ltr'><strong>abdica·</strong></span> 
     </span>
     <span class='ocr_line' id='line_1_28' title="bbox 32 2573 1239 2662; baseline 0.003 -20"><span class='ocrx_word' id='word_1_252' title='bbox 32 2583 36 2594; x_wconf 92' lang='lat'>&#39;</span> <span class='ocrx_word' id='word_1_253' title='bbox 107 2585 184 2642; x_wconf 84' lang='lat' dir='ltr'><strong>tione</strong></span> <span class='ocrx_word' id='word_1_254' title='bbox 209 2578 288 2659; x_wconf 72' lang='lat' dir='ltr'><strong>digni</strong></span> <span class='ocrx_word' id='word_1_255' title='bbox 311 2577 382 2649; x_wconf 87' lang='lat' dir='ltr'><strong>aiot,</strong></span> <span class='ocrx_word' id='word_1_256' title='bbox 405 2573 502 2634; x_wconf 88' lang='lat' dir='ltr'><strong>Deum</strong></span> <span class='ocrx_word' id='word_1_257' title='bbox 520 2582 616 2638; x_wconf 85' lang='lat' dir='ltr'><strong>tameo</strong></span> <span class='ocrx_word' id='word_1_258' title='bbox 634 2576 690 2636; x_wconf 87' lang='lat' dir='ltr'><strong>illia</strong></span> <span class='ocrx_word' id='word_1_259' title='bbox 708 2574 772 2638; x_wconf 82' lang='lat' dir='ltr'><strong>lore</strong></span> <span class='ocrx_word' id='word_1_260' title='bbox 792 2577 971 2657; x_wconf 74' lang='lat' dir='ltr'><strong>placabilemr</strong></span> <span class='ocrx_word' id='word_1_261' title='bbox 999 2584 1067 2662; x_wconf 83' lang='lat' dir='ltr'><strong>quia</strong></span> <span class='ocrx_word' id='word_1_262' title='bbox 1086 2585 1239 2646; x_wconf 81' lang='lat' dir='ltr'><strong>coniuncta</strong></span> 
     </span>
     <span class='ocr_line' id='line_1_29' title="bbox 105 2653 1238 2744; baseline 0 -20"><span class='ocrx_word' id='word_1_263' title='bbox 105 2667 148 2724; x_wconf 82' lang='lat' dir='ltr'><strong>eat</strong></span> <span class='ocrx_word' id='word_1_264' title='bbox 167 2679 235 2720; x_wconf 91' lang='lat' dir='ltr'><strong>cum</strong></span> <span class='ocrx_word' id='word_1_265' title='bbox 254 2656 378 2730; x_wconf 73' lang='lat' dir='ltr'><strong>foedere,</strong></span> <span class='ocrx_word' id='word_1_266' title='bbox 397 2662 581 2736; x_wconf 75' lang='lat' dir='ltr'><strong>peccatorum</strong></span> <span class='ocrx_word' id='word_1_267' title='bbox 600 2655 738 2718; x_wconf 81' lang='lat' dir='ltr'><strong>reoriacio.</strong></span> <span class='ocrx_word' id='word_1_268' title='bbox 758 2653 797 2716; x_wconf 87' lang='lat' dir='ltr'><strong>Et</strong></span> <span class='ocrx_word' id='word_1_269' title='bbox 815 2665 892 2718; x_wconf 88' lang='lat' dir='ltr'><strong>certe</strong></span> <span class='ocrx_word' id='word_1_270' title='bbox 912 2679 1002 2739; x_wconf 85' lang='lat' dir='ltr'><strong>quam</strong></span> <span class='ocrx_word' id='word_1_271' title='bbox 1021 2663 1050 2721; x_wconf 87' lang='lat' dir='ltr'><strong>in</strong></span> <span class='ocrx_word' id='word_1_272' title='bbox 1070 2661 1238 2744; x_wconf 70' lang='lat' dir='ltr'><strong>IegeDeur</strong></span> 
     </span>
     <span class='ocr_line' id='line_1_30' title="bbox 104 2735 1239 2876; baseline 0.004 -75"><span class='ocrx_word' id='word_1_273' title='bbox 104 2743 169 2824; x_wconf 84' lang='lat' dir='ltr'><strong>plne</strong></span> <span class='ocrx_word' id='word_1_274' title='bbox 188 2739 288 2818; x_wconf 66' lang='lat' dir='ltr'><strong>exiget</strong></span> <span class='ocrx_word' id='word_1_275' title='bbox 304 2755 392 2816; x_wconf 87' lang='lat' dir='ltr'><strong>qnam</strong></span> <span class='ocrx_word' id='word_1_276' title='bbox 411 2735 582 2818; x_wconf 80' lang='lat' dir='ltr'><strong>praeatrtrdo</strong></span> <span class='ocrx_word' id='word_1_277' title='bbox 600 2739 704 2831; x_wconf 59' lang='lat' dir='ltr'><strong>aimus,</strong></span> <span class='ocrx_word' id='word_1_278' title='bbox 718 2737 922 2876; x_wconf 51' lang='lat' dir='ltr'><strong>poioquidillic</strong></span> <span class='ocrx_word' id='word_1_279' title='bbox 933 2742 1083 2821; x_wconf 88' lang='lat' dir='ltr'><strong>promittit,</strong></span> <span class='ocrx_word' id='word_1_280' title='bbox 1102 2743 1239 2806; x_wconf 83' lang='lat' dir='ltr'><strong>inefficax</strong></span> 
     </span>
     <span class='ocr_line' id='line_1_31' title="bbox 103 2813 1239 2902; baseline 0.003 -21"><span class='ocrx_word' id='word_1_281' title='bbox 103 2827 147 2882; x_wconf 83' lang='lat' dir='ltr'><strong>ert</strong></span> <span class='ocrx_word' id='word_1_282' title='bbox 166 2826 256 2899; x_wconf 84' lang='lat' dir='ltr'><strong>atquo</strong></span> <span class='ocrx_word' id='word_1_283' title='bbox 273 2817 400 2876; x_wconf 81' lang='lat' dir='ltr'><strong>irritum:</strong></span> <span class='ocrx_word' id='word_1_284' title='bbox 425 2815 502 2876; x_wconf 92' lang='lat' dir='ltr'><strong>unde</strong></span> <span class='ocrx_word' id='word_1_285' title='bbox 519 2814 591 2876; x_wconf 87' lang='lat' dir='ltr'><strong>illud</strong></span> <span class='ocrx_word' id='word_1_286' title='bbox 610 2813 703 2890; x_wconf 89' lang='lat' dir='ltr'><strong>Panlr,</strong></span> <span class='ocrx_word' id='word_1_287' title='bbox 751 2836 807 2878; x_wconf 84' lang='lat' dir='ltr'><strong>om.</strong></span> <span class='ocrx_word' id='word_1_288' title='bbox 828 2817 857 2892; x_wconf 76' lang='lat'><strong>4,</strong></span> <span class='ocrx_word' id='word_1_289' title='bbox 878 2817 926 2880; x_wconf 78' lang='grc'><strong>14.</strong></span> <span class='ocrx_word' id='word_1_290' title='bbox 965 2819 999 2881; x_wconf 90' lang='lat' dir='ltr'><strong>Si</strong></span> <span class='ocrx_word' id='word_1_291' title='bbox 1017 2841 1055 2882; x_wconf 81' lang='lat' dir='ltr'><strong>ex</strong></span> <span class='ocrx_word' id='word_1_292' title='bbox 1073 2817 1150 2902; x_wconf 70' lang='lat' dir='ltr'><strong>Lego</strong></span> <span class='ocrx_word' id='word_1_293' title='bbox 1170 2823 1239 2884; x_wconf 87' lang='lat' dir='ltr'><strong>lrae·</strong></span> 
     </span>
     <span class='ocr_line' id='line_1_32' title="bbox 102 2893 1237 2982; baseline 0.005 -24"><span class='ocrx_word' id='word_1_294' title='bbox 102 2901 218 2976; x_wconf 67' lang='lat' dir='ltr'><strong>reditca,</strong></span> <span class='ocrx_word' id='word_1_295' title='bbox 237 2897 380 2958; x_wconf 80' lang='lat' dir='ltr'><strong>exinanita</strong></span> <span class='ocrx_word' id='word_1_296' title='bbox 398 2902 443 2956; x_wconf 87' lang='lat' dir='ltr'><strong>eet</strong></span> <span class='ocrx_word' id='word_1_297' title='bbox 455 2893 536 2970; x_wconf 77' lang='lat' dir='ltr'><strong>fider,</strong></span> <span class='ocrx_word' id='word_1_298' title='bbox 554 2894 660 2959; x_wconf 83' lang='lat' dir='ltr'><strong>abolita</strong></span> <span class='ocrx_word' id='word_1_299' title='bbox 674 2897 834 2976; x_wconf 87' lang='lat' dir='ltr'><strong>promiaeio.</strong></span> <span class='ocrx_word' id='word_1_300' title='bbox 854 2894 923 2976; x_wconf 87' lang='lat' dir='ltr'><strong>Quo</strong></span> <span class='ocrx_word' id='word_1_301' title='bbox 937 2901 1023 2962; x_wconf 90' lang='lat' dir='ltr'><strong>etiam</strong></span> <span class='ocrx_word' id='word_1_302' title='bbox 1037 2904 1151 2982; x_wconf 77' lang='lat' dir='ltr'><strong>respicit</strong></span> <span class='ocrx_word' id='word_1_303' title='bbox 1164 2904 1237 2964; x_wconf 89' lang='lat' dir='ltr'><strong>illud</strong></span> 
     </span>
     <span class='ocr_line' id='line_1_33' title="bbox 102 2971 1237 3062; baseline 0.004 -22"><span class='ocrx_word' id='word_1_304' title='bbox 102 2981 240 3042; x_wconf 83' lang='lat' dir='ltr'><strong>ieremiao</strong></span> <span class='ocrx_word' id='word_1_305' title='bbox 258 2980 307 3051; x_wconf 88' lang='grc'><strong>31,</strong></span> <span class='ocrx_word' id='word_1_306' title='bbox 327 2979 377 3039; x_wconf 85' lang='grc'><strong>31.</strong></span> <span class='ocrx_word' id='word_1_307' title='bbox 416 2975 528 3038; x_wconf 81' lang='lat' dir='ltr'><strong>Feriam</strong></span> <span class='ocrx_word' id='word_1_308' title='bbox 547 2971 696 3036; x_wconf 78' lang='lat' dir='ltr'><strong>rotiacum</strong></span> <span class='ocrx_word' id='word_1_309' title='bbox 719 2973 833 3049; x_wconf 84' lang='lat' dir='ltr'><strong>ioerloe,</strong></span> <span class='ocrx_word' id='word_1_310' title='bbox 862 2997 923 3040; x_wconf 92' lang='lat' dir='ltr'><strong>non</strong></span> <span class='ocrx_word' id='word_1_311' title='bbox 946 2980 1031 3060; x_wconf 85' lang='lat' dir='ltr'><strong>quote</strong></span> <span class='ocrx_word' id='word_1_312' title='bbox 1054 3001 1091 3060; x_wconf 88' lang='lat' dir='ltr'><strong>pe</strong></span> <span class='ocrx_word' id='word_1_313' title='bbox 1111 2983 1150 3062; x_wconf 75' lang='lat' dir='ltr'><strong>igi</strong></span> <span class='ocrx_word' id='word_1_314' title='bbox 1169 3003 1237 3044; x_wconf 88' lang='lat' dir='ltr'><strong>eom</strong></span> 
     </span>
     <span class='ocr_line' id='line_1_34' title="bbox 101 3053 1236 3143; baseline 0.004 -23"><span class='ocrx_word' id='word_1_315' title='bbox 101 3060 233 3142; x_wconf 76' lang='lat' dir='ltr'><strong>patribus</strong></span> <span class='ocrx_word' id='word_1_316' title='bbox 252 3058 368 3130; x_wconf 78' lang='lat' dir='ltr'><strong>vertrir,</strong></span> <span class='ocrx_word' id='word_1_317' title='bbox 397 3055 476 3137; x_wconf 86' lang='lat' dir='ltr'><strong>quod</strong></span> <span class='ocrx_word' id='word_1_318' title='bbox 499 3055 596 3136; x_wconf 83' lang='lat' dir='ltr'><strong>rtatim</strong></span> <span class='ocrx_word' id='word_1_319' title='bbox 614 3053 769 3116; x_wconf 81' lang='lat' dir='ltr'><strong>violarent:</strong></span> <span class='ocrx_word' id='word_1_320' title='bbox 799 3055 850 3116; x_wconf 83' lang='lat' dir='ltr'><strong>aad</strong></span> <span class='ocrx_word' id='word_1_321' title='bbox 873 3056 931 3118; x_wconf 90' lang='lat' dir='ltr'><strong>lroc</strong></span> <span class='ocrx_word' id='word_1_322' title='bbox 953 3062 1007 3120; x_wconf 87' lang='lat' dir='ltr'><strong>erit</strong></span> <span class='ocrx_word' id='word_1_323' title='bbox 1030 3059 1131 3122; x_wconf 78' lang='lat' dir='ltr'><strong>loeus</strong></span> <span class='ocrx_word' id='word_1_324' title='bbox 1156 3064 1236 3143; x_wconf 85' lang='lat' dir='ltr'><strong>qood</strong></span> 
     </span>
     <span class='ocr_line' id='line_1_35' title="bbox 100 3133 1236 3222; baseline 0.002 -22"><span class='ocrx_word' id='word_1_325' title='bbox 100 3139 252 3200; x_wconf 81' lang='lat' dir='ltr'><strong>rotiacum</strong></span> <span class='ocrx_word' id='word_1_326' title='bbox 271 3138 406 3218; x_wconf 82' lang='lat' dir='ltr'><strong>puciscar,</strong></span> <span class='ocrx_word' id='word_1_327' title='bbox 425 3135 516 3216; x_wconf 74' lang='lat' dir='ltr'><strong>Legae</strong></span> <span class='ocrx_word' id='word_1_328' title='bbox 535 3153 613 3196; x_wconf 86' lang='lat' dir='ltr'><strong>mooe</strong></span> <span class='ocrx_word' id='word_1_329' title='bbox 631 3133 781 3196; x_wconf 76' lang='lat' dir='ltr'><strong>inscribam</strong></span> <span class='ocrx_word' id='word_1_330' title='bbox 800 3137 933 3198; x_wconf 81' lang='lat' dir='ltr'><strong>cordibae</strong></span> <span class='ocrx_word' id='word_1_331' title='bbox 951 3159 1061 3214; x_wconf 89' lang='lat' dir='ltr'><strong>eorum,</strong></span> <span class='ocrx_word' id='word_1_332' title='bbox 1081 3149 1112 3202; x_wconf 88' lang='lat' dir='ltr'><strong>et</strong></span> <span class='ocrx_word' id='word_1_333' title='bbox 1131 3141 1236 3222; x_wconf 86' lang='lat' dir='ltr'><strong>iniqui-</strong></span> 
     </span>
     <span class='ocr_line' id='line_1_36' title="bbox 99 3213 1236 3299; baseline 0.002 -19"><span class='ocrx_word' id='word_1_334' title='bbox 99 3219 208 3280; x_wconf 79' lang='lat' dir='ltr'><strong>tatihnr</strong></span> <span class='ocrx_word' id='word_1_335' title='bbox 231 3237 333 3280; x_wconf 86' lang='lat' dir='ltr'><strong>eornm</strong></span> <span class='ocrx_word' id='word_1_336' title='bbox 356 3218 495 3297; x_wconf 85' lang='lat' dir='ltr'><strong>propitior</strong></span> <span class='ocrx_word' id='word_1_337' title='bbox 517 3235 578 3276; x_wconf 86' lang='lat' dir='ltr'><strong>ero.</strong></span> <span class='ocrx_word' id='word_1_338' title='bbox 618 3213 754 3276; x_wconf 84' lang='lat' dir='ltr'><strong>Ceterom</strong></span> <span class='ocrx_word' id='word_1_339' title='bbox 779 3217 847 3295; x_wconf 82' lang='lat' dir='ltr'><strong>quia</strong></span> <span class='ocrx_word' id='word_1_340' title='bbox 865 3237 924 3278; x_wconf 91' lang='lat' dir='ltr'><strong>uon</strong></span> <span class='ocrx_word' id='word_1_341' title='bbox 942 3217 1061 3299; x_wconf 87' lang='lat' dir='ltr'><strong>adoptat</strong></span> <span class='ocrx_word' id='word_1_342' title='bbox 1078 3240 1133 3280; x_wconf 84' lang='lat' dir='ltr'><strong>noa</strong></span> <span class='ocrx_word' id='word_1_343' title='bbox 1153 3221 1236 3283; x_wconf 84' lang='lat' dir='ltr'><strong>Dauo</strong></span> 
     </span>
     <span class='ocr_line' id='line_1_37' title="bbox 100 3293 1236 3440; baseline 0 0"><span class='ocrx_word' id='word_1_344' title='bbox 100 3293 729 3440; x_wconf 67' lang='lat' dir='ltr'><strong>tt·³¹ttttt⁰⁰tttta³⁰t‘t⁰tt⁰tt5</strong></span> <span class='ocrx_word' id='word_1_345' title='bbox 747 3297 1135 3440; x_wconf 54' lang='lat' dir='ltr'><strong>“ifil‘iiieii‘iifflil</strong></span> <span class='ocrx_word' id='word_1_346' title='bbox 1152 3299 1236 3362; x_wconf 68' lang='lat'><strong>”⁶⁰⁸</strong></span> 
     </span>
     <span class='ocr_line' id='line_1_38' title="bbox 100 3395 1236 3540; baseline 0.002 -21"><span class='ocrx_word' id='word_1_347' title='bbox 100 3400 224 3520; x_wconf 54' lang='lat' dir='ltr'><strong>adlreei¹</strong></span> <span class='ocrx_word' id='word_1_348' title='bbox 235 3395 379 3517; x_wconf 70' lang='lat' dir='ltr'><strong>iooeotialn</strong></span> <span class='ocrx_word' id='word_1_349' title='bbox 399 3419 500 3516; x_wconf 68' lang='lat' dir='ltr'><strong>invitat</strong></span> <span class='ocrx_word' id='word_1_350' title='bbox 518 3462 547 3515; x_wconf 89' lang='lat' dir='ltr'><strong>ot</strong></span> <span class='ocrx_word' id='word_1_351' title='bbox 566 3454 704 3514; x_wconf 87' lang='lat' dir='ltr'><strong>hortator.</strong></span> <span class='ocrx_word' id='word_1_352' title='bbox 740 3395 919 3534; x_wconf 64' lang='lat' dir='ltr'><strong>tlrgopioter</strong></span> <span class='ocrx_word' id='word_1_353' title='bbox 936 3399 1236 3540; x_wconf 48' lang='grc' dir='ltr'><strong>ἰοᾱοιὲοοῗίοοιοῃοθιῗο</strong></span> 
     </span>
     <span class='ocr_line' id='line_1_39' title="bbox 99 3479 1233 3619; baseline 0.002 -22"><span class='ocrx_word' id='word_1_354' title='bbox 99 3479 240 3619; x_wconf 75' lang='lat' dir='ltr'><strong>peccanrll</strong></span> <span class='ocrx_word' id='word_1_355' title='bbox 258 3542 303 3596; x_wconf 87' lang='lat' dir='ltr'><strong>eat</strong></span> <span class='ocrx_word' id='word_1_356' title='bbox 320 3534 465 3596; x_wconf 82' lang='lat' dir='ltr'><strong>illecebra:</strong></span> <span class='ocrx_word' id='word_1_357' title='bbox 494 3541 525 3596; x_wconf 87' lang='lat' dir='ltr'><strong>et</strong></span> <span class='ocrx_word' id='word_1_358' title='bbox 543 3541 703 3596; x_wconf 65' lang='lat' dir='ltr'><strong>amomum</strong></span> <span class='ocrx_word' id='word_1_359' title='bbox 721 3533 859 3613; x_wconf 80' lang='lat' dir='ltr'><strong>rigorem,</strong></span> <span class='ocrx_word' id='word_1_360' title='bbox 885 3537 934 3615; x_wconf 90' lang='lat' dir='ltr'><strong>qui</strong></span> <span class='ocrx_word' id='word_1_361' title='bbox 958 3539 988 3596; x_wconf 91' lang='lat' dir='ltr'><strong>ln</strong></span> <span class='ocrx_word' id='word_1_362' title='bbox 1013 3541 1134 3598; x_wconf 83' lang='lat' dir='ltr'><strong>exitium</strong></span> <span class='ocrx_word' id='word_1_363' title='bbox 1154 3558 1233 3618; x_wconf 88' lang='lat' dir='ltr'><strong>prae-</strong></span> 
     </span>
     <span class='ocr_line' id='line_1_40' title="bbox 96 3615 1234 3778; baseline 0 -22"><span class='ocrx_word' id='word_1_364' title='bbox 96 3615 337 3778; x_wconf 65' lang='lat' dir='ltr'><strong>titattt</strong></span> <span class='ocrx_word' id='word_1_365' title='bbox 355 3621 405 3756; x_wconf 67' lang='lat' dir='ltr'><strong>ii*</strong></span> <span class='ocrx_word' id='word_1_366' title='bbox 413 3615 1045 3773; x_wconf 63' lang='lat' dir='ltr'><strong>tttttmtttttrtttttdtt‘</strong></span> <span class='ocrx_word' id='word_1_367' title='bbox 1055 3619 1234 3759; x_wconf 60' lang='lat' dir='ltr'><strong>,mittat</strong></span> 
     </span>
     <span class='ocr_line' id='line_1_41' title="bbox 96 3771 1233 3868; baseline -0.001 -31"><span class='ocrx_word' id='word_1_368' title='bbox 96 3779 194 3857; x_wconf 85' lang='lat' dir='ltr'><strong>capite</strong></span> <span class='ocrx_word' id='word_1_369' title='bbox 212 3777 242 3853; x_wconf 81' lang='lat'><strong>7,</strong></span> <span class='ocrx_word' id='word_1_370' title='bbox 262 3775 311 3838; x_wconf 82' lang='lat' dir='ltr'><strong>ll.</strong></span> <span class='ocrx_word' id='word_1_371' title='bbox 334 3773 385 3836; x_wconf 90' lang='lat' dir='ltr'><strong>obi</strong></span> <span class='ocrx_word' id='word_1_372' title='bbox 403 3772 486 3836; x_wconf 86' lang='lat' dir='ltr'><strong>Deua</strong></span> <span class='ocrx_word' id='word_1_373' title='bbox 503 3793 540 3868; x_wconf 80' lang='lat' dir='ltr'><strong>pe</strong></span> <span class='ocrx_word' id='word_1_374' title='bbox 563 3791 644 3835; x_wconf 91' lang='lat' dir='ltr'><strong>more</strong></span> <span class='ocrx_word' id='word_1_375' title='bbox 667 3771 793 3834; x_wconf 84' lang='lat' dir='ltr'><strong>humano</strong></span> <span class='ocrx_word' id='word_1_376' title='bbox 816 3791 924 3852; x_wconf 86' lang='lat' dir='ltr'><strong>poenae</strong></span> <span class='ocrx_word' id='word_1_377' title='bbox 950 3774 986 3835; x_wconf 89' lang='lat' dir='ltr'><strong>de</strong></span> <span class='ocrx_word' id='word_1_378' title='bbox 1006 3775 1137 3838; x_wconf 84' lang='lat' dir='ltr'><strong>lidelilrue</strong></span> <span class='ocrx_word' id='word_1_379' title='bbox 1156 3797 1233 3836; x_wconf 83' lang='lat' dir='ltr'><strong>eom-</strong></span> 
     </span>
     <span class='ocr_line' id='line_1_42' title="bbox 96 3853 1234 3936; baseline -0.001 -20"><span class='ocrx_word' id='word_1_380' title='bbox 96 3863 219 3936; x_wconf 89' lang='lat' dir='ltr'><strong>pturum</strong></span> <span class='ocrx_word' id='word_1_381' title='bbox 243 3855 326 3930; x_wconf 88' lang='lat' dir='ltr'><strong>dicit,</strong></span> <span class='ocrx_word' id='word_1_382' title='bbox 354 3855 401 3916; x_wconf 84' lang='lat' dir='ltr'><strong>vel</strong></span> <span class='ocrx_word' id='word_1_383' title='bbox 424 3857 492 3934; x_wconf 85' lang='lat' dir='ltr'><strong>quia</strong></span> <span class='ocrx_word' id='word_1_384' title='bbox 515 3873 554 3914; x_wconf 81' lang='lat' dir='ltr'><strong>ex</strong></span> <span class='ocrx_word' id='word_1_385' title='bbox 577 3871 676 3914; x_wconf 88' lang='lat' dir='ltr'><strong>amora</strong></span> <span class='ocrx_word' id='word_1_386' title='bbox 698 3853 824 3913; x_wconf 73' lang='lat' dir='ltr'><strong>nereum</strong></span> <span class='ocrx_word' id='word_1_387' title='bbox 848 3855 936 3932; x_wconf 84' lang='lat' dir='ltr'><strong>patria</strong></span> <span class='ocrx_word' id='word_1_388' title='bbox 958 3856 1104 3916; x_wconf 89' lang='lat' dir='ltr'><strong>iracundia</strong></span> <span class='ocrx_word' id='word_1_389' title='bbox 1129 3857 1159 3915; x_wconf 93' lang='lat' dir='ltr'><strong>in</strong></span> <span class='ocrx_word' id='word_1_390' title='bbox 1180 3875 1234 3934; x_wconf 93' lang='lat' dir='ltr'><strong>pu-</strong></span> 
     </span>
     <span class='ocr_line' id='line_1_43' title="bbox 96 3931 1233 4015; baseline -0.002 -19"><span class='ocrx_word' id='word_1_391' title='bbox 96 3935 211 3996; x_wconf 73' lang='lat' dir='ltr'><strong>niendis</strong></span> <span class='ocrx_word' id='word_1_392' title='bbox 228 3933 305 4010; x_wconf 85' lang='lat' dir='ltr'><strong>liliir,</strong></span> <span class='ocrx_word' id='word_1_393' title='bbox 323 3933 391 4015; x_wconf 84' lang='lat' dir='ltr'><strong>quia</strong></span> <span class='ocrx_word' id='word_1_394' title='bbox 409 3935 491 3996; x_wconf 86' lang='lat' dir='ltr'><strong>aliter</strong></span> <span class='ocrx_word' id='word_1_395' title='bbox 509 3931 584 3996; x_wconf 91' lang='lat' dir='ltr'><strong>mole</strong></span> <span class='ocrx_word' id='word_1_396' title='bbox 603 3932 763 3994; x_wconf 78' lang='lat' dir='ltr'><strong>concuteret</strong></span> <span class='ocrx_word' id='word_1_397' title='bbox 781 3949 882 3992; x_wconf 90' lang='lat' dir='ltr'><strong>eornm</strong></span> <span class='ocrx_word' id='word_1_398' title='bbox 897 3933 1000 4004; x_wconf 67' lang='lat' dir='ltr'><strong>,aalntir</strong></span> <span class='ocrx_word' id='word_1_399' title='bbox 1018 3935 1067 3994; x_wconf 86' lang='lat' dir='ltr'><strong>vel</strong></span> <span class='ocrx_word' id='word_1_400' title='bbox 1085 3933 1233 3994; x_wconf 83' lang='lat' dir='ltr'><strong>antitlreaie</strong></span> 
     </span>
     <span class='ocr_line' id='line_1_44' title="bbox 95 4012 1233 4094; baseline -0.004 -18"><span class='ocrx_word' id='word_1_401' title='bbox 95 4021 142 4076; x_wconf 77' lang='lat' dir='ltr'><strong>or</strong></span> <span class='ocrx_word' id='word_1_402' title='bbox 156 4016 236 4076; x_wconf 86' lang='lat' dir='ltr'><strong>inter</strong></span> <span class='ocrx_word' id='word_1_403' title='bbox 254 4014 349 4094; x_wconf 84' lang='lat' dir='ltr'><strong>iprum</strong></span> <span class='ocrx_word' id='word_1_404' title='bbox 368 4022 399 4075; x_wconf 90' lang='lat' dir='ltr'><strong>et</strong></span> <span class='ocrx_word' id='word_1_405' title='bbox 416 4015 560 4076; x_wconf 74' lang='lat' dir='ltr'><strong>hominen:</strong></span> <span class='ocrx_word' id='word_1_406' title='bbox 579 4015 638 4076; x_wconf 84' lang='lat' dir='ltr'><strong>acci</strong></span> <span class='ocrx_word' id='word_1_407' title='bbox 656 4013 774 4086; x_wconf 80' lang='lat' dir='ltr'><strong>diceret,</strong></span> <span class='ocrx_word' id='word_1_408' title='bbox 790 4031 822 4072; x_wconf 85' lang='lat' dir='ltr'><strong>oe</strong></span> <span class='ocrx_word' id='word_1_409' title='bbox 841 4012 991 4074; x_wconf 78' lang='lat' dir='ltr'><strong>nemineum</strong></span> <span class='ocrx_word' id='word_1_410' title='bbox 1005 4012 1067 4073; x_wconf 83' lang='lat' dir='ltr'><strong>iore</strong></span> <span class='ocrx_word' id='word_1_411' title='bbox 1081 4019 1110 4073; x_wconf 90' lang='lat' dir='ltr'><strong>et</strong></span> <span class='ocrx_word' id='word_1_412' title='bbox 1123 4013 1233 4074; x_wconf 85' lang='lat' dir='ltr'><strong>leuemr</strong></span> 
     </span>
     <span class='ocr_line' id='line_1_45' title="bbox 96 4093 1235 4175; baseline -0.002 -19"><span class='ocrx_word' id='word_1_413' title='bbox 96 4096 167 4175; x_wconf 84' lang='lat' dir='ltr'><strong>qnia</strong></span> <span class='ocrx_word' id='word_1_414' title='bbox 185 4095 212 4156; x_wconf 86' lang='lat' dir='ltr'><strong>ei</strong></span> <span class='ocrx_word' id='word_1_415' title='bbox 230 4095 368 4155; x_wconf 67' lang='lat' dir='ltr'><strong>virtaoem</strong></span> <span class='ocrx_word' id='word_1_416' title='bbox 386 4113 468 4156; x_wconf 82' lang='lat' dir='ltr'><strong>cuam</strong></span> <span class='ocrx_word' id='word_1_417' title='bbox 487 4113 618 4158; x_wconf 77' lang='lat' dir='ltr'><strong>exactem</strong></span> <span class='ocrx_word' id='word_1_418' title='bbox 637 4093 721 4164; x_wconf 80' lang='lat' dir='ltr'><strong>velit,</strong></span> <span class='ocrx_word' id='word_1_419' title='bbox 750 4093 882 4171; x_wconf 78' lang='lat' dir='ltr'><strong>protinus</strong></span> <span class='ocrx_word' id='word_1_420' title='bbox 901 4093 949 4154; x_wconf 84' lang='lat' dir='ltr'><strong>rel</strong></span> <span class='ocrx_word' id='word_1_421' title='bbox 968 4093 1031 4153; x_wconf 83' lang='lat' dir='ltr'><strong>solo</strong></span> <span class='ocrx_word' id='word_1_422' title='bbox 1051 4093 1130 4172; x_wconf 72' lang='lat' dir='ltr'><strong>digiti</strong></span> <span class='ocrx_word' id='word_1_423' title='bbox 1150 4100 1235 4154; x_wconf 88' lang='lat' dir='ltr'><strong>motu</strong></span> 
     </span>
     <span class='ocr_line' id='line_1_46' title="bbox 95 4172 1234 4272; baseline -0.001 -37"><span class='ocrx_word' id='word_1_424' title='bbox 95 4174 126 4235; x_wconf 82' lang='lat' dir='ltr'><strong>ira</strong></span> <span class='ocrx_word' id='word_1_425' title='bbox 144 4175 270 4272; x_wconf 76' lang='lat' dir='ltr'><strong>nihilum</strong></span> <span class='ocrx_word' id='word_1_426' title='bbox 288 4193 342 4236; x_wconf 86' lang='lat' dir='ltr'><strong>noe</strong></span> <span class='ocrx_word' id='word_1_427' title='bbox 360 4175 480 4272; x_wconf 69' lang='lat' dir='ltr'><strong>redigat.</strong></span> <span class='ocrx_word' id='word_1_428' title='bbox 503 4173 551 4236; x_wconf 79' lang='lat' dir='ltr'><strong>an</strong></span> <span class='ocrx_word' id='word_1_429' title='bbox 570 4173 648 4234; x_wconf 83' lang='lat' dir='ltr'><strong>hono</strong></span> <span class='ocrx_word' id='word_1_430' title='bbox 667 4172 782 4267; x_wconf 72' lang='lat' dir='ltr'><strong>quidem</strong></span> <span class='ocrx_word' id='word_1_431' title='bbox 800 4190 850 4232; x_wconf 86' lang='lat' dir='ltr'><strong>eoo</strong></span> <span class='ocrx_word' id='word_1_432' title='bbox 872 4193 921 4232; x_wconf 91' lang='lat' dir='ltr'><strong>um</strong></span> <span class='ocrx_word' id='word_1_433' title='bbox 941 4173 1029 4234; x_wconf 88' lang='lat' dir='ltr'><strong>tendit</strong></span> <span class='ocrx_word' id='word_1_434' title='bbox 1049 4178 1169 4252; x_wconf 79' lang='lat' dir='ltr'><strong>uterque</strong></span> <span class='ocrx_word' id='word_1_435' title='bbox 1189 4173 1234 4234; x_wconf 87' lang='lat' dir='ltr'><strong>lo·</strong></span> 
     </span>
     <span class='ocr_line' id='line_1_47' title="bbox 95 4251 1239 4417; baseline 0.001 -24"><span class='ocrx_word' id='word_1_436' title='bbox 95 4251 1011 4417; x_wconf 54' lang='lat' dir='ltr'><strong>tt2tutrittttrtittttttztnttttt</strong></span> <span class='ocrx_word' id='word_1_437' title='bbox 1026 4257 1239 4416; x_wconf 52' lang='lat' dir='ltr'><strong>titfrid:</strong></span> 
     </span>
     <span class='ocr_line' id='line_1_48' title="bbox 94 4409 1235 4496; baseline 0 -20"><span class='ocrx_word' id='word_1_438' title='bbox 94 4431 269 4495; x_wconf 63' lang='lat' dir='ltr'><strong>menarum,</strong></span> <span class='ocrx_word' id='word_1_439' title='bbox 289 4421 328 4476; x_wconf 81' lang='lat' dir='ltr'><strong>ut</strong></span> <span class='ocrx_word' id='word_1_440' title='bbox 346 4415 466 4478; x_wconf 87' lang='lat' dir='ltr'><strong>totidem</strong></span> <span class='ocrx_word' id='word_1_441' title='bbox 484 4415 543 4479; x_wconf 80' lang='lat' dir='ltr'><strong>rint</strong></span> <span class='ocrx_word' id='word_1_442' title='bbox 560 4411 724 4477; x_wconf 75' lang='lat' dir='ltr'><strong>modiciano·</strong></span> <span class='ocrx_word' id='word_1_443' title='bbox 762 4411 863 4492; x_wconf 78' lang='lat' dir='ltr'><strong>Atque</strong></span> <span class='ocrx_word' id='word_1_444' title='bbox 881 4413 912 4472; x_wconf 91' lang='lat' dir='ltr'><strong>iu</strong></span> <span class='ocrx_word' id='word_1_445' title='bbox 931 4409 988 4474; x_wconf 87' lang='lat' dir='ltr'><strong>lroc</strong></span> <span class='ocrx_word' id='word_1_446' title='bbox 1006 4413 1091 4474; x_wconf 84' lang='lat' dir='ltr'><strong>nimie</strong></span> <span class='ocrx_word' id='word_1_447' title='bbox 1109 4416 1235 4496; x_wconf 86' lang='lat' dir='ltr'><strong>turpiter</strong></span> 
     </span>
    </p>
   </div>
   <div class='ocr_carea' id='block_1_5' title="bbox 115 4493 916 4557">
    <p class='ocr_par' dir='ltr' id='par_1_6' title="bbox 115 4493 916 4557">
     <span class='ocr_line' id='line_1_49' title="bbox 115 4493 916 4557; baseline 0.004 -1"><span class='ocrx_word' id='word_1_448' title='bbox 115 4512 225 4556; x_wconf 72' lang='lat' dir='ltr'><strong>catetm</strong></span> <span class='ocrx_word' id='word_1_449' title='bbox 237 4515 260 4556; x_wconf 83' lang='lat' dir='ltr'><strong>io</strong></span> <span class='ocrx_word' id='word_1_450' title='bbox 274 4513 353 4556; x_wconf 34' lang='lat' dir='ltr'><strong>Prot-r</strong></span> <span class='ocrx_word' id='word_1_451' title='bbox 367 4515 428 4556; x_wconf 73' lang='lat' dir='ltr'><strong>&#39;l&#39;oau</strong></span> <span class='ocrx_word' id='word_1_452' title='bbox 442 4515 474 4557; x_wconf 88' lang='lat' dir='ltr'><strong>il.</strong></span> <span class='ocrx_word' id='word_1_453' title='bbox 897 4493 916 4554; x_wconf 79' lang='grc'><strong>9</strong></span> 
     </span>
    </p>
   </div>
   <div class='ocr_carea' id='block_1_6' title="bbox 0 0 1442 4888">
    <p class='ocr_par' dir='ltr' id='par_1_7' title="bbox 0 0 1442 4888">
     <span class='ocr_line' id='line_1_50' title="bbox 0 0 1442 4888; baseline 0 5"><span class='ocrx_word' id='word_1_454' title='bbox 0 0 1442 4888; x_wconf 95' lang='lat' dir='ltr'><strong> </strong></span> 
     </span>
    </p>
   </div>
  </div>
 </body>
</html>
