2844 4882
752 129 755 142 ·
868 99 879 150 l

889 159 893 183 1

204 295 258 358 m
347 317 355 343 ι
534 265 554 292 ‘
632 295 929 340 aurursus

286 421 333 487 ti.
353 421 437 482 Haec
454 405 568 502 r'eprrtea
585 437 651 482 rnen
668 427 703 482 tn
722 429 883 484 umnec
923 417 1050 482 Eandem
1070 421 1261 495 matium,
1293 443 1353 502 qne

226 505 271 565 ins
299 501 475 562 auctoritatis
502 497 598 570 addat,
628 500 658 560 iu
762 518 799 560 na
820 499 875 562 Dei
893 502 1005 582 repetit
1045 500 1223 564 Ριοιιιιιιίιῑ
1251 509 1352 562 antean

206 523 288 664 Beer
311 599 369 641 nou
389 579 493 640 frustm
513 577 567 639 sibi
584 517 938 660 umpiddrwenaccrcm
957 583 1006 656 iri,
1035 583 1102 662 qnia
1121 599 1351 660 nrennrnauam

206 677 224 727 e
243 659 325 724 coelo
344 677 492 732 emmas,
511 659 623 741 reipsa
642 665 672 718 et
690 659 841 726 efficaciter
859 659 991 722 ostendet
1008 661 1061 722 ribi
1079 667 1196 742 gratnm
1215 661 1352 722 essecul·

205 749 269 806 trun
292 757 378 823 ῳιοιιι
408 739 563 800 mandavit.
603 737 676 800 Nam
701 740 816 820 requies
836 746 868 800 et
886 740 1024 802 hahitatio
1043 741 1117 812 Dei,
1145 742 1267 802 virinus
1287 742 1350 802 eins

205 820 393 906 praesentiam
422 818 570 880 bominum
599 827 729 900 respectu
759 818 928 900 signdieant.
967 819 1009 882 lta
1036 829 1070 883 tn
1090 827 1167 882 stoa
1191 821 1351 894 hamund,

206 901 274 984 quia
291 899 352 960 illle
369 900 423 960 rite
441 917 480 960 err
498 895 583 978 Lapis
601 901 776 980 praescripta
795 902 1088 962 enm-invocaverunt
1106 899 1224 961 fidelem
1249 921 1349 980 neque

206 983 293 1044 etiam
314 971 444 1039 laser'unt
464 995 595 1059 operam,
614 980 751 1059 quonim
768 981 845 1039 rotie
863 997 964 1040 eorum
983 979 1139 1062 respondit.
1179 976 1220 1039 lte
1241 984 1349 1060 reipsa

206 1061 301 1146 palam
328 1058 437 1120 laetum
460 1063 517 1133 est,
547 1055 649 1118 eDeo
669 1057 756 1118 inisse
774 1055 832 1118 boc
850 1059 1020 1140 promissum
1041 1061 1092 1140 qui
1111 1059 1216 1121 tallere
1236 1063 1349 1198 ”ff

207 1142 274 1222 quia
293 1140 347 1201 etsi
365 1155 497 1198 eversam
516 1137 572 1199 sctt
589 1137 744 1218 templum,
767 1137 893 1199 deletum
912 1139 1009 1212 altaro,
1028 1145 1106 1200 totam
1126 1139 1230 1219 legalis
1307 1147 1349 1198 trs

208 1221 342 1282 cesavit:
371 1213 467 1280 statim
496 1215 670 1298 postliminio
700 1217 787 1278 rediit,
806 1217 895 1298 gloria
918 1217 976 1278 Dei
999 1225 1033 1279 et
1048 1221 1183 1280 maiestas
1202 1225 1239 1279 et
1257 1239 1349 1299 usqne
1391 1241 1392 1260 t

209 1299 248 1362 ad
269 1299 375 1360 Christi
395 1295 551 1358 adrentum
566 1297 665 1357 aedem
685 1296 743 1358 illie
760 1315 842 1358 auam
861 1298 986 1359 retinuit.
1006 1297 1121 1360 interim
1139 1299 1253 1360 eciam
1286 1319 1350 1358 uam
1391 1297 1392 1322 ³

206 1364 1349 1540 iiiiiriddriliiermladdidtoraenidurelt:sufflatodufflteldid‘rdreioidoeiinffipmhi

206 1539 349 1622 despicere
374 1533 530 1618 Prophetas
555 1553 668 1612 ornnes,
697 1538 756 1595 imo
781 1477 932 1597 crudeliter
961 1539 1102 1620 persequi.
1143 1536 1250 1616 Quare
1279 1539 1347 1597 acite

207 1617 350 1680 lantherus
370 1613 445 1677 benc
463 1615 678 1697 promissionem
699 1623 784 1675 vocat
802 1622 962 1676 cruentrmr
982 1618 1065 1697 quia,
1085 1623 1119 1678 ut
1137 1619 1236 1678 solent
1257 1617 1352 1697 hypo·

207 1700 295 1758 aritae
314 1715 353 1756 ex
373 1713 457 1756 muro
474 1694 530 1756 llei
549 1696 664 1756 nomine
682 1696 742 1754 suia
760 1696 873 1776 flagitiis
891 1696 986 1758 iecore
1003 1695 1188 1778 operculum,
1209 1697 1348 1778 quicquid

207 1777 347 1838 steteram
366 1774 509 1840 obiectum
529 1773 616 1847 iuret,
642 1773 794 1835 obtundere
813 1793 872 1834 non
890 1774 1065 1850 dubitabant,
1085 1794 1144 1835 nou
1163 1795 1234 1836 esee
1253 1783 1347 1837 tamen

246 1873 294 1916 nes
315 1854 473 1936 Prophetae
491 1853 600 1935 eripere
619 1853 698 1933 quod
718 1851 798 1914 ilem
818 1853 943 1916 dederat.
971 1853 1042 1914 Nam
1061 1855 1203 1938 templum
1223 1875 1241 1914 e
1283 1857 1348 1916 lime
1392 1855 1393 1892 l

228 1875 244 1917 e

207 1879 265 1996 imi
293 1935 395 2016 gloria,
425 1933 542 2016 perinde
570 1933 627 1993 illie
655 1941 717 1993 erat
739 1951 774 1993 ac
792 1932 932 1994 mendacii
951 1953 1017 1995 eum
1037 1953 1170 2015 arguere,
1203 1953 1224 1992 r
1276 1937 1347 1994 inter

207 2033 274 2078 eum
298 2020 328 2075 et
352 2015 412 2074 eins
438 2013 585 2074 veritatem
609 2011 703 2074 iacere
726 2013 889 2074 divortium.
930 2011 992 2074 Hac
1011 2013 1169 2075 temulenta
1185 2013 1297 2074 fidncia
1315 2015 1347 2074 ad

205 2085 386 2156 tundendum
411 2093 474 2154 elue
496 2092 585 2152 modo
603 2099 635 2152 et
651 2091 709 2152 iine
726 2093 877 2154 innoxiam
896 2095 1062 2173 sanguinem
1082 2094 1202 2156 inerant
1220 2095 1346 2176 impnlu',

207 2173 247 2235 m
274 2179 351 2235 certe
379 2171 465 2234 bodie
482 2173 508 2233 ai
527 2170 675 2234 Romanos
695 2174 789 2235 Satan
814 2179 1033 2234 armatus·esset
1051 2180 1110 2234 tam
1129 2173 1298 2234 honorifico
1316 2175 1345 2234 ti

206 2252 368 2335 anteacta
387 2273 445 2316 uon
464 2250 600 2316 auderet?
618 2251 697 2312 nulla
715 2259 760 2314 ert
778 2251 888 2331 syllaba
908 2251 1102 2334 iuScriptnris
1121 2273 1199 2334 quae
1218 2254 1345 2317 colorem

207 2332 324 2396 inducat
348 2334 409 2394 einr
428 2331 581 2412 tyrannidi.
611 2330 671 2392 lam
690 2351 779 2412 ιιυιιιιι
798 2333 915 2392 immani
934 2331 1062 2393 barbaric
1082 2352 1150 2394 cum
1167 2339 1274 2415 aperta
1294 2332 1345 2394 Dei

208 2413 380 2480 contumelia
401 2419 491 2476 totam
512 2413 645 2493 pietatem
665 2409 796 2491 dissipet,
815 2411 944 2472 videmus
964 2430 1050 2494 quam
1070 2411 1206 2474 ferociter
1228 2413 1280 2472 rei
1297 2435 1345 2494 po

210 2496 270 2556 tias
294 2493 458 2554 truculento
477 2490 554 2552 iaetu
573 2509 677 2552 nomen
697 2487 840 2551 Ecclesiae
857 2491 975 2572 ingerat.
1015 2490 1093 2570 Quid
1113 2493 1203 2572 crgo?
1222 2492 1347 2556 abolebi-

206 2579 256 2636 tur
279 2571 451 2647 hierarchia,
481 2589 567 2652 mam
587 2576 664 2632 utare
682 2589 799 2632 neceam
817 2577 875 2646 est,
903 2573 959 2632 nisi
979 2569 1112 2632 Christus
1130 2571 1243 2652 partiale
1260 2591 1346 2652 spon·

134 2672 144 2715 .·
205 2672 269 2725 sam
288 2670 370 2714 ruem
389 2651 519 2714 dueratt
538 2647 628 2712 Nobis
648 2669 715 2712 vero
735 2656 868 2732 prompta
887 2657 931 2715 cst
949 2652 1090 2732 exceptio,
1110 2649 1263 2714 Ecclesiam
1281 2671 1344 2712 nen

207 2751 271 2795 ease
297 2733 347 2794 uni
371 2730 435 2792 loco
449 2731 615 2814 ,alligatame
645 2735 674 2791 et
698 2749 736 2791 ex
755 2750 814 2810 quo
835 2729 890 2790 Dei
910 2732 1040 2791 maiestas
1059 2731 1096 2790 ad
1116 2727 1229 2791 ultimas
1248 2749 1344 2812 neque

202 2807 299 2953 lamae
323 2811 395 2873 imas
420 2811 557 2886 innotuit,
586 2809 715 2906 requiem
735 2807 792 2870 Dei
811 2810 923 2871 nonnisi
943 2811 971 2871 in
992 2808 1107 2871 Christo
1126 2816 1158 2870 et
1175 2813 1239 2871 eiua
1257 2829 1348 2872 mem·

228 2913 251 2952 rt

252 2909 267 2952 a
296 2909 368 2954 mae.
408 2890 502 2952 Porro
531 2895 681 2950 eetemrtee
710 2889 764 2950 iata
783 2887 895 2970 Templi
914 2907 1001 2970 qnam
1020 2888 1169 2972 Propheta
1190 2891 1347 2972 praedicat,

183 3031 188 3041 x
208 2971 309 3032 derue
331 2971 450 3052 intelligi
469 2968 567 3042 debet,
586 2985 654 3028 num
673 2969 741 3049 qnia
759 2969 887 3030 neutum
906 2971 936 3030 in
956 2969 1071 3030 Christo
1091 2977 1265 3032 renovatum
1286 2971 1348 3045 icit,

207 3069 268 3111 non
292 3043 420 3110 dicemus
439 3067 526 3108 ranas
545 3046 632 3107 fuisse
651 3045 772 3128 ligures,
801 3067 925 3129 queram
944 3049 987 3110 ris
1007 3055 1037 3108 et
1056 3049 1302 3144 complementum
1320 3053 1348 3110 in

211 3147 248 3192 eo
269 3129 386 3190 exstitit.
415 3126 514 3224 Siquis
528 3131 629 3211 putem
649 3126 777 3202 obiiciat,
796 3129 936 3193 nominari
959 3133 1083 3190 montem
1104 3126 1176 3196 Sron
1197 3132 1286 3210 qusai
1304 3150 1349 3192 ae·

203 3207 320 3272 'tarnum
341 3206 515 3268 domicilium
534 3205 605 3267 Dei:
631 3205 659 3266 in
679 3225 761 3288 prom
784 3215 815 3268 tu
834 3208 938 3280 solutio
958 3213 1011 3282 eal,
1030 3213 1063 3268 nt
1081 3208 1216 3270 vaticinio
1235 3217 1349 3272 cerua

202 3307 258 3362 ¹sua
279 3288 394 3363 veritas,
413 3285 545 3348 sufficere
585 3283 641 3348 uod
661 3305 738 3347 nnnc
757 3227 889 3348 dhaem
909 3287 1033 3352 adventu
1053 3293 1252 3350 aucmentum
1268 3291 1349 3350 illurn

60 3425 67 3440 ,
204 3369 367 3430 dilataverit
391 3386 483 3448 usque
501 3363 539 3428 ad
591 3365 674 3426 timos
692 3373 785 3428 terrae
804 3367 884 3428 fines.

286 3449 335 3511 15.
360 3451 480 3510 Victum
507 3455 570 3509 etus
593 3447 759 3508 bemdieena
797 3445 863 3507 Fuit
886 3447 956 3508 illud
976 3466 1120 3509 summam
1139 3455 1228 3530 capnt
1248 3447 1350 3510 beatae

204 3523 293 3604 'vitan
312 3525 408 3589 Deum
428 3526 556 3590 habitere
574 3527 605 3587 in
628 3523 722 3587 medio
742 3527 841 3610 populi
860 3527 918 3588 sui:
938 3547 1015 3589 nnnc
1034 3525 1178 3589 adduntur
1196 3529 1282 3610 aigne
1302 3548 1348 3610 pa·

148 3639 156 3650 ·
203 3593 280 3670 'terni
300 3609 361 3670 ciue
380 3607 500 3684 amorio,
525 3605 603 3690 qnod
622 3605 731 3666 rictam
750 3607 922 3668 ordinarium
942 3605 1065 3682 curabit,
1095 3613 1125 3668 et
1143 3615 1282 3692 suggeret
1300 3620 1350 3689 po

207 3688 278 3776 pulo
297 3706 362 3762 suo,
379 3691 526 3748 succurret
544 3687 672 3768 inopiae,
701 3685 870 3748 Sacerdotes
889 3687 1002 3748 ornabit
1020 3687 1125 3763 salute,
1150 3695 1181 3748 et
1200 3689 1269 3770 pios
1289 3707 1350 3748 om·

115 3813 121 3823 ,
208 3787 260 3830 nes
288 3766 395 3833 laetitia
424 3764 619 3832 circumdabit.
658 3761 751 3827 Porro
771 3785 829 3828 non
849 3785 1026 3848 supervacua
1045 3767 1099 3828 init
1119 3767 1189 3828 baec
1210 3767 1351 3828 adieetio:

179 3902 184 3911 .
208 3848 277 3930 quia
298 3865 357 3908 non
376 3845 449 3907 adeo
461 3863 562 3918 somus
581 3843 741 3926 spirituales
761 3853 793 3906 nt
812 3847 842 3907 in
862 3847 958 3909 coelos
1035 3853 1169 3921 etremns,
1187 3847 1244 3907 nisi
1254 3847 1351 3908 oeobs

202 3921 314 3990 'nostris
333 3945 365 3986 se
385 3925 487 3987 offerat
506 3910 562 3985 Dei
582 3923 747 3986 benedictio.
778 3923 855 3988 ilaec
873 3945 944 3988 vero
985 3947 1001 3986 n
1023 3926 1072 3986 lex
1085 3927 1116 3987 in
1126 3926 1351 4006 quotidianari-

208 4016 259 4069 ctn
278 4003 454 4068 observando
473 4010 526 4080 est,
546 4002 624 4086 quud
644 4003 751 4066 scilicet
770 3994 873 4066 tarium
893 3947 1049 4067 foecundat
1067 4012 1100 4066 nt
1118 4005 1201 4065 noble
1217 4005 1351 4066 tramen-

173 4114 176 4120 ·
207 4093 286 4164 tum,
310 4083 411 4148 νὶιιιιιι
429 4089 459 4146 et
478 4084 574 4150 chum
593 4084 766 4166 suppeditet:
796 4084 896 4146 derude
913 4085 993 4166 quod
1011 4093 1104 4148 terrae
1117 4091 1284 4168 proventae
1304 4103 1351 4146 an

209 4183 280 4228 nana
304 4165 411 4228 virtute
430 4163 615 4246 multiplicat,
638 4170 671 4224 ut
689 4163 772 4226 nobis
790 4165 821 4224 iu
840 4165 1006 4226 alimentum
1022 4163 1176 4226 sufficiant.
1196 4163 1264 4230 Hoc
1286 4167 1348 4246 qut-

203 4245 276 4326 ¹darn
299 4243 366 4314 loco
384 4243 535 4326 specialem
554 4241 655 4380 populi
674 4246 718 4304 aui
736 4263 836 4306 carana
856 4241 936 4305 Dens
955 4244 1009 4306 sibi
1027 4243 1090 4306 iore
1108 4244 1273 4320 denuntiat,
1298 4263 1350 4304 ne·

209 4321 280 4403 qnid
305 4321 377 4382 desit
401 4321 437 4383 ad
456 4323 518 4383 eius
537 4325 684 4383 rimantur
713 4329 742 4384 et
760 4325 891 4406 quamvis
910 4341 968 4386 non
989 4331 1120 4406 suppetat
1138 4341 1243 4405 magna
1262 4323 1350 4384 uber·

207 4409 268 4476 tas,
291 4419 323 4460 se
346 4409 440 4464 tamen
464 4401 608 4463 iacturum
627 4407 661 4463 nt
678 4401 708 4463 in
728 4406 845 4486 penuria
865 4405 1002 4464 satientur
1021 4419 1167 4486 pauperes.
1207 4401 1279 4464 Non
1298 4405 1351 4463 mi·
