2884 4886
553 234 943 327 torneamenta,
1047 257 1051 278 ¹
1231 275 1284 334 stt
1372 277 1375 286 ’

148 379 202 444 ires
216 389 298 480 'meis
320 385 475 461 invocato,
506 385 571 483 sine·
585 390 777 450 conmoversia
801 391 842 452 ite
861 397 1020 487 expopunt.
1057 391 1130 490 Epo,
1159 397 1207 459 eni
1224 405 1285 462 tam

148 463 270 525 ieiicder
299 463 420 526 antehae
449 473 586 526 successit
605 465 699 528 Deum
720 487 812 544 orare,
835 477 899 531 toto
923 478 998 532 vrtae
1018 476 1159 536 curriculo
1178 477 1209 538 in
1228 477 1285 540 hoc

148 561 236 604 eursu
265 561 391 622 pergem.
431 543 490 604 Sed
516 547 670 609 videndum
694 555 739 610 eet
764 569 860 612 annon
885 549 976 631 aeque
1002 553 1165 629 conveniat,
1194 559 1285 639 accipi

148 625 212 684 dies
230 625 359 688 Desidia
377 643 431 706 pro
452 631 617 764 oppprtuno
636 629 814 708 quaerendae
833 631 895 711 opis
914 637 1054 711 tempore,
1073 653 1163 712 quum
1178 637 1285 698 seilicet
1351 666 1356 675 ·

148 704 296 782 angustiae
315 710 458 782 urgerem
516 723 591 785 eque
608 708 740 768 futurum
749 717 863 792 tempus
881 729 981 772 moror
999 713 1029 771 in
1048 712 1137 774 verbo
1158 720 1213 784 tt't
1241 721 1285 782 tte

148 784 216 920 puis
241 789 270 841 et
295 783 388 863 primo
412 801 499 844 versu
524 785 642 847 verbum
662 783 803 849 Exaudiet
827 789 863 850 de
886 795 1015 872 tempore
1033 793 1186 874 praeterito
1244 793 1284 856 ud

169 861 234 920 ubis
253 865 383 948 “filliis
397 869 467 924 tunc
486 883 555 924 vero
575 865 679 946 copula
698 867 864 928 resolvenda
883 877 959 930 esset
977 872 1006 932 iu
1026 872 1193 934 adverbium
1211 879 1283 934 tem·

146 941 241 1026 poris:
261 941 338 1022 quod
358 940 494 1004 Hebraeis
513 945 582 1004 satis
601 948 699 1006 tritum
719 953 771 1008 eal.
811 948 972 1010 Contentus
991 957 1087 1011 autem
1111 950 1159 1011 hic
1178 953 1285 1034 optime

147 1021 293 1093 cohaeret,
308 1018 388 1099 Quia
413 1041 510 1082 eurem
535 1024 605 1084 milri
629 1027 758 1106 praebuit
782 1027 850 1088 dum
875 1048 943 1090 eum
967 1029 1092 1090 adversis
1117 1033 1192 1092 meis
1212 1038 1284 1094 tem

147 1101 269 1182 poribm
288 1101 402 1172 invoco,
422 1102 552 1184 adeoque
571 1107 601 1164 in
621 1107 684 1184 ipso
704 1107 822 1168 articulo
842 1107 957 1168 ultimae
976 1111 1160 1172 necessitatis.
1195 1108 1283 1189 Quod

148 1181 229 1240 sicui
249 1182 470 1262 magisterideat
489 1185 569 1264 prior
588 1187 739 1264 expositio,
760 1205 819 1248 non
839 1187 1022 1250 contendam:
1043 1197 1283 1272 quautamense·

148 1267 286 1342 quantur,
306 1280 352 1320 ma
373 1261 397 1319 is
416 1261 549 1322 videntur
568 1263 636 1324 hnic
650 1264 790 1325 secundae
809 1267 972 1348 suffragari:
993 1271 1060 1350 quie
1078 1271 1223 1353 exegetica
1241 1270 1282 1330 in·

147 1339 216 1420 cipit
232 1339 340 1400 reterre
390 1342 455 1400 avid
480 1345 596 1421 quinam
625 1344 684 1404 dies
713 1345 754 1404 illi
783 1345 895 1407 inerint.
935 1347 1071 1409 Celerum
1101 1356 1134 1408 ut
1162 1349 1283 1430 gloriam

147 1417 205 1479 liei
223 1437 278 1502 pro
297 1421 399 1483 merito
418 1421 548 1492 illustret,
573 1424 684 1484 nullum
709 1424 762 1484 sibi
785 1434 915 1501 amorte
938 1429 1048 1488 exitum
1066 1428 1154 1488 inisse
1171 1429 1282 1567 praedi·
1394 1436 1398 1448 ’

147 1506 203 1572 cet,
223 1499 463 1582 quemadmodum
483 1503 572 1582 siquis
592 1504 669 1584 apud
687 1502 785 1564 hostes
801 1507 918 1566 manicis
937 1515 968 1567 et
977 1505 1162 1590 compedibus
1181 1511 1282 1588 ipatus,

146 1581 227 1640 omni
246 1597 297 1660 spe
315 1579 517 1662 redemptionis
537 1584 674 1664 privetur.
714 1581 830 1645 Fatetur
852 1603 920 1665 ergo
940 1605 972 1646 ss
991 1587 1076 1646 morti
1094 1583 1183 1650 luisse
1202 1605 1281 1648 man·

146 1661 286 1742 cipetum,
310 1679 341 1720 ee
357 1658 568 1741 deprehensum
594 1681 628 1723 ac
647 1669 762 1743 captum
787 1663 886 1738 icisse,
906 1671 939 1724 ut
959 1666 1036 1726 nulla
1056 1668 1152 1728 evasio
1172 1667 1283 1750 reliqua

146 1747 228 1798 essct.
269 1735 520 1818 Quemadmodum
550 1747 645 1802 aulem
676 1762 707 1802 se
729 1746 830 1803 mortis
854 1745 991 1824 augustiis
1015 1745 1083 1806 dicit
1107 1745 1194 1806 luisse
1213 1765 1280 1806 cou-

145 1821 286 1894 stantum,
304 1820 344 1878 ita
363 1821 447 1880 etium
463 1821 545 1880 addit
565 1839 596 1881 se
614 1821 745 1882 incidisse
763 1823 794 1882 in
812 1822 1007 1884 tribulationes
1027 1831 1055 1884 et
1075 1823 1197 1885 dolores.
1226 1816 1282 1886 tlte

145 1917 214 1958 vero
233 1899 291 1961 iam
311 1899 460 1960 confirmet
479 1901 557 1982 quod
576 1920 670 1982 nuper
694 1901 775 1976 dixit,
800 1921 889 1982 quum
915 1904 1004 1963 videri
1027 1911 1126 1984 posset
1144 1903 1281 1986 procula

144 1975 211 2042 Deo
229 1981 361 2055 remotus,
379 1981 433 2042 sici
452 1979 509 2041 hoc
526 1981 652 2042 maxime
672 1987 869 2062 opportunum
888 1981 976 2044 luisse
995 1989 1110 2064 tempus
1130 1983 1239 2046 orandi.

234 2179 267 2248 5.
289 2177 437 2250 Clemens
457 2179 577 2249 lehovo
602 2192 638 2250 et
657 2180 769 2264 iustus,
798 2190 831 2248 et
852 2180 943 2250 Deus
965 2189 1074 2250 noema
1094 2154 1280 2252 nonencors

129 2288 176 2369 Ι6.
200 2285 389 2357 Oustodiens
414 2287 571 2380 simplices
599 2285 730 2355 lehem:
753 2296 943 2354 extenuatus
958 2309 1053 2371 ¹sum,
1080 2298 1123 2356 et*
1138 2310 1204 2354 me·
1217 2309 1280 2355 ser·
1355 2337 1359 2360 r

144 2393 238 2464 ravit
285 2391 315 2462 7.
327 2393 495 2462 Revertere
517 2391 621 2462 anime
643 2417 714 2462 mea
736 2393 769 2460 in
791 2393 936 2484 requiem
957 2403 1056 2478 tuem,
1078 2391 1280 2484 quiaishova

141 2499 288 2594 rependi
303 2497 468 2590 superte.
512 2500 543 2570 8.
566 2500 647 2586 Quia
670 2497 810 2590 eripuisti
832 2500 972 2568 animem
997 2521 1103 2568 meam
1125 2523 1143 2565 u
1166 2507 1280 2582 rnorte,

143 2606 273 2674 oculum
298 2629 408 2676 meum
435 2629 454 2672 a
479 2604 641 2698 iacrymis,
674 2607 789 2695 pedem
815 2629 926 2673 meum
953 2630 972 2674 e
998 2604 1100 2698 lapsu.
1143 2603 1176 2672 9.
1205 2604 1278 2672 Aru

140 2710 258 2782 buiabo
281 2735 387 2782 corum
410 2710 487 2782 [acic
508 2709 644 2780 lehovee
664 2711 698 2778 in
722 2703 811 2780 teiris
833 2711 991 2780 vivorum.

221 2856 250 2921 5.
272 2859 410 2918 Clemens.
439 2855 499 2916 lam
519 2857 594 2918 illius
614 2854 771 2917 dilectionis
791 2851 827 2916 tle

142 2935 208 3012 ieet
228 2935 285 2996 Dei
305 2938 395 3018 elogia
414 2935 466 2996 sihi
486 2949 659 3018 proponens,
680 2955 755 3018 quae
775 2935 810 2994 nd
829 2875 917 2997 iiiem
936 2937 966 2995 in
987 2935 1209 2996 eoretirrendam
1229 2953 1280 2994 va·

142 3015 228 3078 leont.
269 3013 397 3076 Primum
427 3023 512 3076 vocat
532 3017 712 3089 clementem,
737 3017 803 3094 quie
829 3018 917 3096 prada
941 3015 978 3076 ed
993 3014 1193 3080 -auxiliaudnnr
1211 3033 1280 3096 pro-

140 3114 247 3180 pensus
262 3102 320 3166 est.
340 3095 415 3155 ilinc
434 3097 558 3156 nascitur
577 3095 683 3156 iustitia
703 3113 791 3175 quam
810 3095 918 3156 exserit
936 3093 972 3157 ad
983 3113 1050 3156 suos
1069 3095 1201 3155 tuendos.
1226 3091 1278 3152 illi·

143 3175 294 3236 serieordla
318 3193 407 3258 porro
436 3175 613 3256 adiungitur,
643 3176 704 3234 sine
728 3193 785 3254 qua
809 3174 917 3256 indigui
941 3193 1040 3234 sumus
1071 3173 1174 3254 quibus
1196 3171 1280 3234 Deus

143 3261 299 3316 succurrat.
338 3253 376 3316 Et
395 3256 462 3335 quia
481 3256 648 3316 aillictioues
669 3269 744 3334 qnae
762 3254 964 3327 interveniunt,
984 3271 1068 3334 saepe
1086 3253 1217 3314 videntur
1235 3253 1281 3312 iu·

868 2874 905 2919 ua
923 2853 1063 2930 meminit,
1083 2853 1193 2918 trasna
1213 2875 1278 2937 pro·

142 3337 234 3396 otiliae
253 3333 437 3416 praecludere
461 3337 590 3409 ianuam,
615 3335 684 3394 hinc
703 3335 846 3414 seqnitur,
870 3332 942 3392 nihil
965 3333 1081 3392 suarius
1106 3349 1168 3392 esse
1192 3351 1281 3412 quam
1331 3395 1332 3400 ,

142 3415 320 3495 acquiescere
338 3415 370 3474 in
389 3435 424 3474 eo
444 3415 517 3488 eolo,
537 3422 569 3476 ut
588 3422 724 3495 paternus
744 3414 805 3472 eius
824 3412 908 3472 lavor
926 3430 1026 3472 sensus
1046 3429 1147 3472 omnes
1161 3417 1280 3472 'nostrus

143 3497 294 3568 contineat,
323 3513 377 3555 nec
402 3495 458 3555 alio
482 3513 536 3556 nos
559 3497 652 3575 rapiat
676 3492 736 3554 ulle
759 3491 911 3554 oblectatio
936 3497 986 3550 eut
1004 3489 1148 3570 voluptas.
1187 3487 1280 3551 Usum

142 3574 243 3648 deinde
262 3576 430 3636 clementiae
449 3581 478 3636 et
496 3574 621 3636 iustitiae
640 3572 697 3635 Dei
717 3572 915 3636 accommodat
933 3573 976 3631 nd
987 3571 1192 3632 maledicendos
1210 3577 1279 3630 sinu·

136 3657 238 3738 pitres.
267 3672 371 3734 nempe
392 3655 445 3735 qui
468 3655 587 3716 consilio
611 3655 747 3730 destituti,
777 3652 831 3714 sibi
853 3653 862 3712 i
885 3651 923 3712 sis
941 3652 1104 3734 prospicere
1125 3657 1279 3730 nequeunt.
1313 3683 1319 3698 ·

141 3735 291 3814 iincipitur
307 3734 366 3793 lroe
384 3753 490 3794 nomen
509 3737 636 3802 ultim
657 3747 742 3814 saepe
767 3733 796 3794 iu
820 3753 849 3806 m
879 3750 927 3793 am
950 3737 1060 3810 partem
1083 3750 1138 3811 pro
1157 3730 1279 3794 inconsi-

141 3813 246 3873 deratis
266 3821 294 3873 et
315 3813 418 3887 stultis,
439 3815 490 3894 qui
509 3821 588 3872 recto
608 3813 728 3876 consilio
747 3833 807 3876 nou
826 3811 1032 3893 obtemperant,
1052 3811 1102 3870 sed
1122 3827 1199 3869 nnuc
1213 3809 1279 3868 sim·

140 3893 229 3976 plices
249 3902 391 3954 vocantur
409 3895 459 3988 qui
478 3900 577 3974 patent
595 3895 712 3966 iniuriis,
732 3891 934 3974 qui'cuveudis
947 3890 1057 3950 insidiis
1076 3889 1192 3950 minime
1212 3891 1280 3963 spui

141 3971 270 4048 solertes,
288 3974 340 4055 qui
360 3973 483 4053 denaque
501 3971 584 4032 laclle
603 3971 871 4046 circumveniuntur,
891 3991 982 4054 quum
1005 3967 1058 4032 filii
1080 3967 1165 4028 huius
1190 3966 1280 4027 seculi
1358 3974 1362 3982 '

140 4058 201 4118 um
220 4059 284 4112 astu
304 4051 441 4134 polleant,
462 4069 549 4132 quum
569 4053 725 4113 rationibus
745 4053 802 4114 sint
820 4051 950 4114 memmi
974 4050 1011 4110 ad
1029 4069 1061 4110 se
1080 4047 1278 4130 protegendos.

129 4129 238 4196 ¹David
256 4151 326 4214 ergo
345 4151 377 4192 se
397 4132 603 4192 lateturiuster
616 4135 698 4214 pueri
717 4131 814 4205 lunae,
834 4131 884 4214 qui
904 4129 957 4190 sibi
972 4127 1121 4190 consulere
1137 4127 1278 4208 nequiret,

140 4219 172 4274 et
195 4211 232 4272 ad
256 4209 420 4293 repellenda
444 4211 604 4272 discdndue
629 4211 733 4294 quibus
758 4217 819 4272 erat
843 4209 998 4285 obnoxius,
1021 4207 1138 4268 minime
1158 4207 1278 4266 idoneus

87 4355 89 4358 .
139 4298 224 4353 esset.
263 4291 330 4353 ldeo
352 4291 480 4353 Graecus
503 4291 643 4372 interpres
666 4312 726 4351 non
749 4291 825 4352 mals
849 4287 970 4350 reddidit
993 4312 1127 4363 sumtu.
1157 4285 1278 4346 Summa

139 4377 192 4447 est,
212 4371 260 4433 ubi
281 4391 378 4453 neque
397 4373 556 4454 prudentie,
576 4390 671 4453 neque
689 4372 762 4432 tatio
783 4370 893 4431 miseris
913 4369 1039 4456 suppetit
1058 4367 1094 4427 ad
1114 4363 1279 4450 reperienda

1305 4025 1317 4060 l
1355 4065 1356 4070 ,
