2874 4888
531 273 570 311 ra
607 273 766 313 rustum.
795 275 854 314 aaa.
1080 245 1096 284 ⁵
1213 227 1299 333 151¹.

125 396 233 455 alarum
252 409 370 454 suarum
388 396 571 474 pmtectiooe
590 415 643 456 nos
663 397 729 456 lore
747 397 854 465 salvos,
873 403 985 456 tanturn
1004 414 1085 480 spem
1104 415 1121 456 a
1142 401 1201 458 auis
1220 417 1264 460 ro

125 476 220 556 quirit.
262 473 337 534 Nam
358 473 477 534 vorbnm
523 478 588 544 wil
609 476 702 556 (qnod
723 477 924 556 concupiscere
944 475 991 536 vel
1010 477 1265 556 omaresiguisrcat,

123 555 177 628 rel,
198 561 233 614 ut
254 554 341 632 vulgo
361 553 532 633 loquuntur,
557 556 765 636 beneplacitum
784 575 869 614 suum
886 557 1010 636 capere)
1029 557 1198 618 tantundem
1218 558 1265 620 hio

122 635 200 694 valet
219 653 256 694 ac
274 635 399 693 suaviter
419 637 582 696 recumbere
600 635 631 694 in
644 633 748 707 Deum,
767 637 885 714 eiusque
905 638 995 714 gratia
1019 633 1164 696 oblectari.
1193 635 1263 697 Pro·

122 715 211 774 mittit
234 731 305 793 ergo
327 721 489 794 separatum
509 717 571 776 iore
589 715 625 775 ad
645 715 775 775 ferendas
794 715 876 774 nolis
896 717 1048 796 suppetias,
1067 717 1092 775 si
1110 735 1149 776 ex
1167 717 1265 777 animo

120 811 187 852 eum
214 810 394 874 quaeramus.
435 796 725 868 nummulorum,
751 796 840 854 vitam
860 803 988 856 nostram
1007 813 1120 876 semper
1138 799 1170 856 iu
1188 803 1265 858 terra
1375 841 1380 850 ·

119 874 294 934 encumdmi
314 875 398 932 variis
417 876 565 948 monibus,
582 877 640 934 nisi
660 875 695 933 ad
714 892 768 935 nos
787 873 942 934 servandos
962 877 971 934 i
1032 874 1265 958 mmumhapaat

119 956 271 1013 intentam.
313 952 488 1014 litoiantcm
509 972 595 1036 saepe
613 957 700 1014 etiam
719 955 870 1026 incredulis
890 956 1060 1034 opimatur:
1079 955 1148 1015 solis
1167 962 1265 1016 tamen
1325 999 1329 1016 r

118 1032 255 1092 fidelibus
273 1033 313 1093 lta
333 1051 449 1094 manum
469 1037 597 1114 porrigit,
616 1041 651 1094 ut
668 1037 706 1094 sit
724 1037 753 1094 in
774 1034 896 1094 solidum
915 1041 946 1094 ot
963 1035 1050 1112 linem
1061 1050 1264 1114 nsqaoeorum

120 1121 262 1172 servator.
303 1111 379 1194 Apte
402 1115 486 1174 etiam
513 1135 526 1173 s
548 1115 572 1173 ci
597 1121 626 1173 et
652 1113 790 1174 desiderio
815 1115 978 1194 adiungitur
996 1117 1121 1196 cognitio
1140 1115 1280 1176 nominis

120 1191 188 1268 Du,
208 1211 276 1252 nam
297 1193 375 1272 quod
396 1192 453 1251 lmc
473 1135 589 1256 ecilino
608 1195 841 1274 circumspiciunt
860 1193 998 1268 homines,-
1017 1202 1047 1253 et
1065 1213 1115 1254 eoa
1135 1213 1187 1254 aua
1205 1201 1263 1255 tro·

119 1273 231 1352 pidatio
257 1272 384 1332 diversos
410 1274 511 1346 trahit,
536 1275 602 1332 inda
628 1274 661 1333 sat
687 1276 753 1354 quia
779 1275 834 1332 illis
854 1275 998 1354 incognita
1017 1279 1062 1334 eat
1081 1271 1137 1334 Dei
1157 1276 1263 1336 virtuaa

119 1355 180 1412 imo
202 1371 240 1412 nc
258 1355 382 1410 tenuiter
402 1353 516 1431 quidem
537 1361 653 1433 gustant
673 1354 741 1433 quid
761 1355 797 1412 sit
813 1351 908 1430 Deua,
935 1356 1002 1434 quia
1021 1356 1083 1412 eiua
1102 1354 1168 1413 loco
1188 1373 1267 1413 sorn-¹

120 1435 203 1501 niani
227 1437 375 1492 mortuum
394 1435 492 1492 nescio
512 1434 590 1512 quod
610 1434 726 1492 idolum.
767 1432 865 1512 Quum
888 1452 1044 1513 ergonera
1064 1433 1186 1492 nominis
1206 1431 1263 1494 Dei

120 1513 248 1592 cognitio
272 1511 405 1570 fiduciam
425 1531 463 1571 ex
483 1531 514 1572 ae
533 1520 563 1572 ct
582 1513 791 1574 invocationem
812 1514 917 1592 pariat,
943 1533 996 1573 nec
1014 1512 1051 1572 ab
1071 1513 1132 1572 aliia
1153 1515 1263 1574 sincere

120 1599 292 1671 quaeratur,
317 1593 370 1651 nisi
396 1593 445 1671 qui
470 1589 532 1652 eius
557 1593 758 1672 promissiones
785 1593 925 1671 amplexi,
950 1594 1056 1654 iustum
1076 1595 1102 1652 ei
1122 1591 1263 1658 honorem

120 1671 267 1744 tribuunt,
292 1673 361 1733 scite
380 1676 409 1729 ct
429 1673 545 1752 proprie
565 1673 697 1732 notitiam
717 1671 791 1732 hano
804 1669 950 1751 Propheta
971 1673 1053 1752 quasi
1072 1674 1134 1752 spei
1152 1673 1262 1732 fontem

119 1753 229 1832 posuit.
249 1749 294 1810 Ac
312 1750 414 1810 molius
435 1751 541 1831 patebit
562 1751 646 1810 huius
667 1752 811 1812 doctrinae
832 1753 947 1826 utilitas,
966 1755 990 1812 si
1000 1759 1164 1832 reputamus
1175 1771 1280 1832 quam

116 1831 227 1892 insulse
247 1829 359 1892 deiide
378 1829 544 1892 balbutiant.
556 1831 697 1912 Papistae.
738 1830 812 1892 Nam
832 1840 978 1910 utcunque
996 1833 1113 1894 iubeant
1126 1827 1263 1910 Deope-

117 1913 196 1972 nitua
216 1909 385 1984 adhaerere,
409 1911 530 1972 verbum
549 1919 645 1974 tamen
663 1913 804 1994 sepeliunt
823 1931 884 1991 quo
903 1913 1012 1973 aditum
1031 1911 1157 1992 patefieri
1177 1930 1262 2049 opor-

118 1998 161 2052 tet
186 1989 225 2050 ad
250 1990 344 2070 ipsum
370 1991 572 2070 quaerendum.
613 1991 788 2072 Quanquam
811 1997 907 2052 autem
931 1994 1064 2051 multare
1088 1990 1159 2050 nihil
1184 1990 1261 2051 aiud

118 2077 163 2131 est
183 2089 272 2152 qnam
291 2077 386 2129 tutum
407 2078 434 2130 et
456 2071 628 2131 incolumem
648 2079 804 2152 praestaret
824 2070 895 2130 haec
908 2079 1003 2130 tamen
1015 2069 1201 2150 metaphorae
1216 2088 1262 2130 ra·

117 2154 160 2210 tio
180 2157 239 2222 ost,
260 2150 337 2228 qnod
358 2148 439 2208 Deus
460 2169 528 2211 suos
547 2152 713 2212 mirabiliter
732 2159 828 2214 servat
847 2150 917 2212 dum
936 2169 986 2210 eos
1007 2153 1035 2210 in
1056 2150 1176 2210 sublime
1196 2168 1286 2230 pro·-

119 2228 314 2313 pugnaculum
334 2231 445 2290 attollit
1228 2265 1233 2286 .

198 2311 248 2374 15.
270 2312 426 2370 Iuoococtt
444 2335 498 2370 roc.
518 2308 690 2392 Expreaaiua
709 2309 886 2369 demonstrat
906 2309 974 2389 quid
995 2310 1047 2368 sihi
1068 2293 1191 2370 voluerii
1209 2327 1262 2390 per

119 2389 189 2450 illud
213 2392 392 2470 acquiescere
417 2392 446 2452 in
462 2390 543 2464 Deo,
566 2391 613 2452 vel
633 2391 659 2450 ei
679 2409 762 2450 suum
783 2395 911 2452 amoram
930 2387 1204 2469 attemptantem,
1228 2393 1261 2448 ut

116 2471 299 2550 loquuntur‚¹
318 2469 457 2532 addicere.
502 2471 594 2533 Amor
622 2471 697 2530 enim
718 2469 769 2553 ille
792 2475 821 2526 ct
846 2468 1016 2531 desideriunt
1041 2487 1115 2550 (luae
1141 2487 1178 2527 ex
1203 2466 1261 2529 fide

115 2559 291 2622 nascuntur,
315 2570 368 2609 nos
393 2551 428 2609 ad
453 2571 519 2610 eum
544 2551 734 2616 invocandum
760 2547 915 2611 adducunt.
954 2547 1036 2607 Uride
1056 2551 1160 2608 iterum
1180 2554 1260 2628 patet

115 2631 310 2772 tulis
328 2631 601 2772 titini-iit
613 2626 745 2770 ltili
756 2626 1261 2771 utinamutinam

116 2797 162 2852 est
183 2731 264 2850 Diui
290 2797 429 2870 quatenus
452 2733 507 2854 noi
532 2731 642 2858 iiiito.
681 2788 792 2849 Interea
817 2789 959 2850 discamus
976 2749 1015 2847 dx
1035 2728 1100 2848 hoo(1
1111 2792 1260 2860 contentu,

115 2889 178 2930 non
205 2871 324 2930 otiosam
352 2889 413 2930 esse
433 2869 534 2946 iidem,
560 2873 610 2930 aed
629 2889 696 2930 rere
717 2867 773 2928 lroc
792 2870 922 2928 examina
941 2865 1068 2948 probari,
1093 2866 1161 2926 dum
1181 2873 1260 2926 recta

44 2954 51 2962 '
116 2951 156 3010 ad
171 2949 268 3008 Deum
289 2951 457 3028 confugiunt
476 2952 526 3029 qui
547 2951 665 3010 snlrrtem
686 2949 721 3008 ab
742 2967 778 3008 co
797 2955 971 3028 exspectant.
992 2947 1097 3006 lterum
1117 2965 1187 3007 vero
1208 2947 1260 3006 do-

116 3042 228 3103 eemur,
247 3029 345 3088 fideles
365 3049 511 3110 nunquam
531 3030 567 3089 ab
588 3031 729 3089 aerumnis
749 3035 780 3088 et
794 3029 930 3088 molestiis
945 3027 1171 3096 loreimmunes:
1191 3029 1259 3106 quia

119 3129 181 3170 non
201 3110 318 3190 mollem
339 3115 366 3166 et
387 3104 536 3169 delicatam
556 3111 644 3167 vitam
664 3107 718 3167 illis
738 3101 821 3168 Deus
838 3108 993 3188 promittit,
1018 3108 1189 3167 acdeorum
1210 3108 1258 3167 tri·

115 3189 311 3250 bulationibns
341 3200 379 3248 se'
402 3209 486 3270 opem
519 3191 651 3249 laturum.
699 3189 904 3267 Glorifiouudi
921 3187 1009 3272 verbo
1034 3187 1175 3267 significat
1198 3207 1259 3247 non

114 3270 278 3350 temporale
301 3269 364 3332 loro
387 3269 444 3328 Dei
468 3269 619 3342 auxilium,
649 3268 729 3328 caius
754 3268 891 3328 tractenua
911 3268 1054 3340 meminit,
1078 3267 1130 3326 aed
1155 3285 1257 3348 usquo·

115 3351 187 3408 duna
207 3350 244 3407 ad
264 3347 382 3407 solidam
403 3350 566 3410 felicitatem
586 3349 761 3430 perveniant.
781 3345 876 3406 Ornat
895 3347 1010 3424 quidem
1025 3365 1075 3407 cos
1094 3348 1127 3406 in
1139 3348 1258 3422 mirando,

116 3437 147 3488 et
166 3430 350 3508 conspicuam
370 3430 460 3490 reddit
480 3447 560 3489 auam
581 3429 714 3509 gloriam:
735 3427 783 3486 sed
804 3427 917 3485 nonnisi
937 3426 1080 3506 completo
1100 3425 1257 3486 naluiiseo·

116 3529 183 3568 rom
204 3524 307 3578 cursu,
331 3510 523 3590 triumphandi
543 3511 690 3568 materiam
710 3507 881 3586 suppeditat.
912 3503 1001 3583 Quod
1021 3514 1117 3565 autem
1138 3507 1174 3565 de
1194 3509 1257 3565 torr-

115 3591 257 3672 gitudioc
276 3591 389 3648 dierum
408 3592 510 3649 ultimo
530 3606 615 3648 versu
636 3589 784 3667 promittit,
803 3585 917 3644 videtur
935 3585 1089 3646 absurdum
1098 3605 1169 3659 asae,
1189 3588 1258 3667 quia

117 3678 149 3728 nt
169 3671 327 3750 plurimum
347 3672 485 3750 contingit
503 3669 601 3728 fideles
621 3667 739 3764 celerius
758 3685 780 3762 e·
794 3666 902 3760 mundo
921 3667 1052 3761 migrare.
1072 3665 1132 3726 Sed
1152 3666 1199 3726 laio
1213 3686 1257 3725 ro-

116 3745 1258 3910 tilttittttttlt}ltililirlttifftttitttitillat?

116 3929 173 3968 erc.
201 3907 357 3986 *Quamvis
381 3913 457 3968 enim
478 3917 591 3988 gustum
606 3909 717 3967 amoris
738 3907 781 3965 sui
802 3907 936 3985 praebeat
955 3909 984 3966 in
1006 3906 1107 3986 opibus
1128 3905 1175 3964 val
1194 3906 1256 3964 aliis

117 3988 287 4060 commodis,
306 4007 365 4048 non
384 3995 481 4048 tamon
501 3991 639 4068 sequitur,
660 3985 726 4046 odio
745 3986 787 4046 illi
805 4005 868 4045 aare
888 4004 1038 4066 pauperes:
1059 3988 1192 4064 quamvis
1212 4003 1258 4044 aa·

114 4071 191 4128 nitas
213 4069 342 4148 corporis
361 4076 391 4127 ct
410 4067 493 4126 firma
513 4067 663 4139 valetudo,
688 4069 749 4125 eina
769 4065 936 4125 beneficium
956 4067 1006 4140 sit,
1026 4085 1085 4125 nun
1105 4071 1257 4146 propterca

115 4147 295 4208 censebimus
316 4155 448 4228 aegrotos
468 4155 496 4206 ct
516 4147 620 4207 debiles
640 4148 667 4206 ei
686 4165 750 4206 esse
769 4164 883 4228 aponus.
903 4145 936 4204 ln
955 4145 1011 4204 hoo
1030 4163 1132 4224 genera
1152 4151 1195 4204 est
1215 4145 1256 4204 vi·

115 4235 162 4288 tae
186 4227 370 4298 diuturnitas,
395 4247 451 4306 qua
477 4230 592 4287 satiaret
620 4225 701 4286 Deus
725 4243 824 4286 servos
848 4243 1049 4296 omanorum,
1074 4225 1127 4283 nisi
1158 4225 1256 4283 utilius

113 4309 185 4388 ipsis
209 4307 298 4379 iuret,
329 4316 439 4366 matuta
463 4308 606 4366 emunda
631 4307 761 4384 migrare.
801 4304 910 4364 Interea
934 4306 1038 4383 exiguo
1063 4304 1138 4363 vitae
1163 4307 1255 4383 spatio

114 4388 221 4448 molius
240 4387 392 4463 satiantur,
417 4407 504 4468 quam
524 4386 661 4448 increduli
681 4386 779 4446 daoom
799 4383 909 4444 seculis.
941 4383 983 4444 lia
1002 4385 1108 4444 nemini
1128 4402 1255 4463 uuquam
