2874 4888
185 279 239 336 170
611 271 898 349 tlucatvruu's
1000 335 1003 341 Ι

183 403 258 464 senti
277 402 344 465 Dae
364 401 533 464 sacrificinm
554 403 657 462 otlerro
675 405 754 484 qnod
775 405 827 472 silei
847 412 995 486 acceptum
1011 414 1072 469 esse
1083 405 1220 470 declarat:
1238 409 1343 470 *Tan-r

183 485 303 546 eundem
320 487 398 546 enim
418 485 494 542 valet
519 483 554 542 ha
573 503 589 541 c
612 484 743 570 loquutio
767 486 824 546 acsi
849 486 967 546 dixisset
987 485 1081 546 Qum
1106 507 1203 550 coram
1223 491 1324 552 adeste

171 573 295 648 testem,
314 583 352 624 ne
371 583 402 624 se
422 578 538 644 operam
552 501 656 622 indere
675 567 814 644 putor'cut.
844 564 937 626 Porro
957 567 1048 648 qualia
1067 568 1153 628 luerit
1163 569 1220 630 Dei
1239 589 1323 652 praa-

178 648 275 706 pentir
294 647 322 705 iu
344 639 607 716 Sanotoorio,÷alil›i
626 644 694 703 dixi.
1197 688 1202 706 ι

73 732 79 740 “
177 752 181 763 ·
262 730 291 788 [t
308 731 393 800 -ριιῑιι
412 722 496 784 Deru
511 740 541 782 aa
645 769 652 782 .
692 722 744 782 llio
768 721 861 784 verbis
884 721 1018 786 admonet
1037 725 1190 808 Propheta,
1216 747 1320 810 ruppe

180 807 245 868 'tere
263 806 380 864 uberem
399 803 563 862 materiam
597 804 702 864 edendi
713 801 779 877 Dei,
799 812 832 864 at
844 805 1035 866 ιιιιιιιιΙιιίΙιιιιΔ
1046 809 1182 868 mentalis
1202 810 1321 870 minimo

182 888 317 965 indigeat,
340 885 423 942 sicali
439 881 700 962 Regibusadulari
725 885 818 942 solent
841 885 978 946 rhetores.
1017 884 1115 946 Primo
1136 886 1192 948 Dei
1209 891 1319 969 magni·

164 969 309 1025 ·tudioem
328 963 450 1036 extollit,
468 981 535 1047 euru
551 963 640 1046 ,tacite
655 965 786 1024 omnibus
803 963 855 1024 diis
874 965 1159 1046 antropomereos,
1177 983 1252 1049 quoe
1265 969 1320 1028 siti
1352 1005 1358 1023 ι

181 1047 389 1107 fabricaverant
417 1039 555 1100 homines.
602 1041 717 1102 Scimus
741 1061 853 1124 seraper
879 1047 912 1104 in
936 1047 1045 1104 mundo
1068 1063 1114 1109 ma
1136 1064 1201 1108 naut
1231 1049 1319 1108 misse

182 1127 300 1186 deorum
321 1123 447 1182 turbata:
469 1117 543 1181 unde
561 1120 633 1181 illud
652 1119 734 1182 Pauli
756 1129 783 1184 1.
803 1123 872 1184 Cer.
894 1123 923 1199 8,
942 1131 970 1187 5.
995 1123 1102 1186 ldultos
1120 1145 1152 1185 ιιι
1172 1134 1306 1187 terreno

126 1211 128 1216 ’
181 1207 282 1265 minari
308 1204 385 1262 dens.
428 1200 557 1262 Notanda
581 1208 626 1262 eat
649 1204 735 1284 igitur
758 1203 904 1264 antithesis
928 1200 1002 1264 inter
1023 1204 1118 1264 mam
1143 1206 1262 1278 lsradlis,
1287 1213 1319 1268 et

91 1331 99 1338 ,
181 1286 252 1344 allos
272 1297 465 1362 ruinasques
484 1281 679 1341 slei-'daremt
698 1281 845 1342 hominum
865 1283 960 1343 libido.
980 1284 1078 1364 Siqutt
1102 1287 1234 1365 excipiat,
1255 1287 1317 1344 ido·

174 1367 240 1424 lum
262 1365 331 1422 ptuit
351 1379 422 1434 esee,
452 1369 480 1422 t,
500 1360 568 1421 (br.
585 1365 617 1432 ’8,
638 1359 667 1423 4.
707 1355 888 1442 Respondet,
920 1363 975 1424 hae
993 1365 1317 1445 emmataempuenm

180 1444 308 1504 refellere
328 1462 417 1500 vanos
436 1441 585 1500 hominum
605 1461 724 1516 errores,
743 1441 1123 1521 quiDeitute'aeudrarlsitaia¹
1141 1447 1226 1518 spelta
1245 1447 1318 1509 ima-

166 1527 321 1604 ginantur.
362 1521 536 1600 Quanquam
566 1540 620 1598 ego
650 1521 703 1580 sub
728 1522 784 1580 lroc
808 1525 923 1584 nomine
942 1525 1069 1604 Angelos
1093 1523 1213 1586 libenter
1237 1545 1316 1584 com·
1427 1563 1431 1572 «

179 1605 304 1685 plector:
328 1605 386 1660 acsi
412 1602 532 1672 diceret,
553 1599 649 1660 Deum
678 1605 717 1660 ita
743 1602 892 1676 excellere,
922 1610 956 1661 ut
979 1604 1064 1684 longe
1087 1606 1210 1664 emineat
1229 1623 1316 1684 supra

180 1703 296 1742 omnem
315 1681 466 1740 coelestem
487 1680 606 1760 gloriam
626 1687 655 1738 et
675 1682 810 1762 quioquid
830 1683 957 1741 divinum
972 1689 1024 1758 est,
1043 1685 1207 1743 nonminue
1227 1701 1316 1764 quam

180 1781 267 1842 supra
288 1781 372 1821 omne
393 1764 535 1826 terreuu'm
555 1759 728 1839 ligmettleru.
746 1765 751 1826 ζ
770 1763 875 1841 Αυζεῆ
892 1763 1008 1842 guidem
1030 1762 1067 1821 dii
1087 1783 1145 1822 non
1166 1771 1244 1822 sunt:
1264 1763 1314 1822 sed

180 1845 247 1923 quia
266 1843 384 1922 propina
404 1841 439 1898 ad
460 1839 556 1900 Deum
576 1839 723 1915 accedunt,
743 1841 898 1920 improprie
917 1843 952 1900 ad
971 1845 1049 1922 ipsos
1069 1843 1238 1902 transfertur
1258 1842 1315 1903 hoc

179 1939 297 1982 nomen:
322 1922 447 1980 maximo
467 1933 537 1979 ruo
554 1918 704 1979 hominem
729 1928 868 2000 respectu,
885 1924 938 2002 qui
958 1921 1109 1981 irnmodica
1128 1923 1315 1983 admiratione
1332 1941 1354 1978 .·
1395 1949 1396 1954 “

178 2023 227 2062 eos
252 2002 445 2082 superstitione
468 1997 617 2058 evellunt.¹
644 1997 732 2077 Quod
757 2003 781 2059 si
801 1999 856 2061 Dei
877 2005 965 2060 onius
985 2003 1115 2060 maiestas
1134 2005 1164 2060 in
1184 2004 1314 2062 ordinem

171 2081 408 2239 tltltllllt
422 2077 854 2240 iltltaltltllttli
868 2081 1314 2242 itltnll‘ltllllttt

177 2243 362 2322 spectandum
383 2240 526 2321 propnuil,
547 2237 624 2320 qtrod
645 2239 713 2298 dicit
732 2262 807 2320 opus
826 2254 1035 2302 eoae'mummm
1045 2241 1111 2314 Dei,
1132 2244 1240 2300 eteius
1260 2244 1314 2301 im·

109 2329 118 2352 ¹
176 2323 257 2404 perio
283 2320 404 2380 subesse.
444 2321 543 2398 Atque
572 2317 642 2378 haec
671 2320 733 2380 laus
764 2329 807 2380 est
831 2319 981 2401 generalia,
1003 2317 1079 2400 quod
1103 2317 1181 2381 Deus
1202 2323 1312 2401 conspi-

52 2401 59 2406 “
177 2423 260 2462 cuam
280 2420 360 2460 suam
382 2399 500 2480 gloriam
521 2401 549 2457 in
570 2399 667 2458 mundi
689 2403 833 2460 creatione
852 2401 981 2474 reddidit,
1004 2409 1035 2460 et
1054 2401 1180 2480 quotidie
1200 2405 1229 2460 iu
1250 2405 1313 2460 ciue

178 2483 381 2564 gorbernatione
402 2479 607 2558 vult'agnosci.
649 2477 720 2537 Nam
742 2500 831 2558 quum
853 2480 924 2539 dicit
938 2489 970 2540 in
990 2503 1081 2540 mortu
1104 2490 1168 2541 eiua
1185 2504 1246 2541 ease
1260 2503 1312 2561 pe·

175 2564 305 2623 aurelio
321 2559 442 2632 temne,
464 2557 594 2638 intelligit
618 2559 680 2620 eius
720 2559 876 2620 invidentia
897 2563 965 2639 regi,
993 2563 1167 2640 :ermperto
1185 2562 1312 2622 subesse.

173 2642 325 2782 lpllppfflspplehs
344 2644 468 2717 uertunt,
497 2639 549 2700 aed
567 2640 663 2719 potius
682 2580 803 2719 odyssea
821 2645 915 2708 notat:
936 2659 1010 2722 quae
1031 2643 1152 2722 opponit
1171 2640 1312 2705 altitudini

263 2903 294 2970 d.
310 2901 440 2984 vente,
468 2901 645 2982 adoremus,
673 2911 705 2968 et
727 2879 936 2994 procidamus,
964 2901 1238 2996 genu-flectamus
1261 2923 1311 2970 co

174 3015 243 3078 'nim
263 3009 343 3079 taeie
365 3009 503 3075 lehnvae
519 3007 642 3074 lictoris
664 3011 780 3099 nostri:
820 3009 857 3077 Ζ7.
878 3009 962 3094 Quia
988 3011 1056 3102 ipse
1078 3008 1169 3076 Deus
1191 3017 1311 3091 noster,

175 3130 208 3186 et
230 3139 290 3189 nos
317 3113 459 3207 populus
481 3113 673 3206 pascuorum
700 3115 778 3199 eius,
802 3122 836 3184 et
857 3119 935 3208 gr'ex
962 3135 1076 3210 manus
1103 3117 1189 3185 eins:
1214 3115 1312 3184 hodie

48 3283 51 3288 .
112 3243 117 3248 ·
173 3226 201 3324 si
222 3247 337 3292 rocem
359 3221 427 3289 eius
449 3222 616 3289 audieritis.
658 3302 661 3313 Ι

256 3369 282 3430 6.
309 3369 421 3442 Venite,
442 3367 605 3426 adoremur.
641 3361 946 3443 'Quiaiam'ele‘ctum
965 3383 1004 3446 po
1024 3363 1106 3426 alunt
1128 3365 1174 3428 ad'
1191 3367 1308 3448 gratitu-

174 3447 269 3509 dlnoin
292 3445 435 3528 Proplreta
457 3447 595 3528 linrtatur,
618 3445 695 3525 quod
716 3446 838 3526 gratuito
854 3443 907 3504 liei
925 3387 1061 3509 herodoto
1081 3447 1203 3506 excellat
1222 3465 1310 3526 euporo

176 3547 273 3589 amnes
294 3521 409 3600 Gentes,
429 3522 622 3584 vehementior
642 3531 686 3585 est
705 3539 811 3586 senno:
831 3527 914 3584 sicuti
930 3525 1089 3606 pleniorem
1108 3527 1200 3591 laudis
1216 3535 1310 3586 mate-

174 3613 245 3669 riam
266 3607 348 3668 nobis
369 3603 449 3664 Deus
470 3605 632 3686 suppeditat
653 3605 720 3663 dum
740 3606 877 3685 spirituali
901 3605 1011 3666 honore
1036 3625 1088 3666 uos
1113 3605 1254 3686 dignatur,
1279 3613 1310 3668 et
1405 3644 1407 3648 -

175 3696 286 3770 praeter
302 3687 438 3745 meritum
464 3686 610 3768 anteponit
634 3685 742 3758 eunetis
767 3684 941 3744 mortalibus.
981 3685 1081 3766 ltaqu'e
1096 3687 1194 3746 'tribus
1214 3677 1334 3746 verbis*

176 3789 236 3840 erm
262 3781 347 3825 unam
374 3767 511 3846 designat,
541 3773 573 3826 ut
598 3763 705 3824 seilicet
728 3763 778 3824 filii
798 3761 930 3825 Abrahae
955 3783 985 3826 so
1008 3772 1085 3826 totos
1104 3767 1145 3826 illi
1165 3765 1307 3826 addicant.

97 3883 107 3903 1
174 3845 284 3920 Verum
304 3847 418 3926 quidem
440 3855 492 3920 est,
512 3847 582 3904 tanti
603 3847 738 3905 momenti
759 3863 819 3905 esse
837 3843 895 3906 Dei
915 3845 1032 3920 cultum,
1059 3845 1173 3928 dequo
1194 3847 1314 3906 contio>

174 3931 258 3987 natm·
274 3925 432 4006 Propheta,
451 3933 485 3984 ut
503 3924 602 3984 omncs
622 3933 734 3984 nostros
758 3931 876 3984 coriatus
901 3923 953 3984 sibi
971 3925 1074 3985 merito
1095 3925 1237 3986 vendicet:
1258 3927 1308 3984 sed

175 4005 299 4068 notanda
319 4013 363 4066 est
383 4007 601 4080 circumstantia,
622 4005 700 4083 quod
719 4003 824 4064 scilieet
844 4011 993 4086 potamum
1008 3994 1064 4064 Dei
1083 4005 1211 4066 favorem
1231 4023 1309 4065 com·

175 4083 296 4160 incutiet,
322 4105 379 4167 quo
401 4083 482 4144 Deus
501 4085 579 4143 solos
598 4078 729 4144 A'brahae
754 4081 827 4143 lilios
840 4069 1013 4167 complicans
1033 4093 1104 4160 erat,
1124 4091 1157 4152 ut
1174 4087 1206 4145 iir
1226 4085 1309 4169 eperia

175 4167 326 4247 spiritualis
352 4172 382 4224 et
406 4172 535 4224 aeternae
560 4163 636 4222 vitae
660 4181 710 4222 eoo
735 4164 891 4244 adoptaret.
930 4163 994 4226 lloc
1034 4173 1071 4224 uo
1096 4185 1129 4226 ue
1148 4166 1308 4225 notandum

174 4255 225 4320 est,
245 4266 304 4305 non
323 4251 435 4305 tantum
456 4243 491 4304 do
505 4235 603 4304 'cordis
618 4243 787 4326 gratitudine
808 4243 853 4304 hic
873 4245 926 4326 agi,
945 4247 996 4306 sed
1014 4183 1100 4306 imit
1114 4241 1226 4326 ‘requiri
1240 4263 1308 4326 pro·

173 4326 323 4384 sessionem
344 4332 490 4384 externam
510 4327 630 4404 pietatis.
666 4320 733 4394 Hoc
748 4323 822 4382 enim
843 4325 933 4385 tribue
953 4323 1047 4385 verbis
1067 4327 1245 4406 exprimitur,
1266 4325 1308 4385 oi-

95 4461 100 4472 ,
173 4402 238 4465 ficio
258 4425 311 4465 suo
330 4397 389 4464 non
409 4405 523 4484 defungi
536 4403 642 4481 fideles,
662 4405 716 4465 nisi
735 4404 830 4486 prolem
849 4413 878 4466 ct
890 4422 964 4486 geno
976 4407 1310 4486 dexiortoetaliiseignis
