2874 4888
524 285 748 328 rnrsann
783 287 863 346 arur,
1211 294 1263 350 155

127 409 240 484 sileptio
262 407 357 470 Deum
376 415 545 490 exspectent
564 408 758 470 liberatorem:
788 409 889 472 deinde
915 429 964 472 eos
983 419 1099 474 monere
1118 414 1194 474 uode
1214 439 1260 496 pe·

127 491 212 550 tenda
241 489 278 547 sit
302 489 374 548 haec
398 489 562 569 prudentia,
593 491 659 568 quia
684 493 759 549 enim
785 509 851 550 caro
872 510 925 550 nos
944 492 1056 552 assidue
1075 493 1206 554 sollicitat
1226 496 1262 557 ad

109 569 368 656 desperationem,
388 571 494 628 centies
513 576 694 644 evanesceret
714 589 779 650 spes
798 576 910 643 nostra,
934 572 988 630 uisi
1008 572 1141 633 divinitus
1159 573 1262 652 edocti,

124 651 199 708 mata
221 651 316 708 omnia
331 650 468 708 sciremus
482 647 565 709 uobis
576 667 689 708 cessura
706 650 874 710 insolutum.
895 649 1143 727 lotereatestatur,
1163 672 1260 716 veram

124 726 328 795 consolationis
353 729 501 788 oratoriam
524 727 606 788 nobis
631 730 660 787 in
684 727 760 810 Lege
779 726 835 793 Dei
859 737 1026 809 suppetere,
1056 739 1261 814 utnusquam
1309 787 1314 792 .

124 809 272 888 desperet,
296 809 344 867 rel
364 807 525 890 frangatur,
550 807 597 868 rel
615 826 647 866 se
667 809 802 868 misenum
821 827 884 869 esse
904 809 989 870 ducat
1010 811 1137 906 quisquis
1157 816 1211 872 rite
1230 816 1261 874 in

123 907 158 948 ea
178 887 341 967 profecerit.
362 885 435 948 Nam
455 887 509 946 bac
528 893 597 946 nota
616 906 699 948 raros
719 887 873 968 discipulos
892 885 974 950 Deua
994 909 1010 950 a
1030 887 1135 952 lictrtiis
1155 890 1260 954 discer-

122 969 176 1041 nit,
196 969 221 1026 si
241 967 278 1024 ad
297 987 411 1029 crucem
431 965 576 1026 ferendam
596 967 686 1044 parati
706 968 762 1028 sint
782 987 816 1028 ac
835 969 1073 1047 compositione
1094 969 1260 1052 obstrepant

121 1066 177 1108 nec
195 1047 414 1118 tumultuentur,
433 1047 483 1106 sed
504 1045 700 1106 liberationem
720 1047 807 1126 quieti
827 1053 953 1128 sperent.
969 1046 1007 1108 Et
1026 1069 1094 1110 sane
1109 1049 1259 1114 baeevera

121 1131 168 1187 est
187 1127 342 1205 pationtiae
362 1128 444 1200 ratio,
463 1145 521 1186 nou
542 1127 746 1186 contumaciter
765 1127 896 1186 residere
915 1127 999 1187 rebus
1019 1129 1144 1188 adversis
1164 1131 1258 1206 (sicuti

121 1205 312 1288 praefractam
337 1205 468 1266 duritiem
488 1203 579 1264 Stoici
605 1223 657 1284 pso
678 1206 783 1266 virtute
808 1205 974 1282 laudarunt)
995 1209 1045 1268 scd
1064 1229 1118 1268 nos
1138 1209 1258 1270 libenter

123 1285 264 1351 subiicere
282 1282 363 1356 Deo,
394 1287 460 1364 quia
484 1285 512 1344 in
533 1284 594 1343 eius
612 1285 732 1364 gratiam
752 1283 950 1366 recumbimua.
976 1283 1056 1348 Scite
1079 1289 1166 1368 igitur
1185 1287 1257 1349 Pro-

121 1365 210 1504 ppeta
230 1363 266 1424 ab
286 1364 343 1502 ique
362 1363 546 1502 fuortlameqto
568 1364 680 1502 {⁹⁰⁸³ss
710 1365 1005 1504 lllp·diaessntpfid⁰l⁰⁸·
1025 1387 1055 1506 pe
1080 1369 1257 1506 ³⁶⁰gssffl³i¹

121 1463 371 1602 emittitis
388 1462 646 1602 bittit·
670 1462 803 1603 titt
822 1463 878 1585 ..t
891 1463 1118 1604 “bilbili
1140 1455 1256 1590 titt

122 1604 247 1664 tolerare
266 1603 425 1664 didicerint:
451 1601 501 1662 sed
521 1603 654 1662 solatium
673 1605 770 1682 posuit
790 1624 848 1683 quo
868 1604 1031 1684 mitigantur
1050 1606 1151 1680 animi,
1172 1614 1205 1666 ut
1224 1627 1256 1668 ae

121 1683 180 1744 Dei
199 1681 315 1744 arbitrio
335 1682 446 1762 placide
462 1681 640 1742 submittant.
680 1680 753 1742 Nam
780 1689 813 1742 ut
832 1685 896 1764 quis
916 1685 946 1744 in
966 1683 1048 1744 rebus
1068 1686 1193 1748 adversis
1214 1688 1255 1746 la·

121 1781 237 1842 crpmaa
271 1765 414 1822 contineat
446 1769 475 1822 et
499 1763 634 1841 gemitus,
662 1761 688 1820 si
712 1761 819 1843 absque
844 1763 902 1824 ulla
926 1783 978 1844 ape
1002 1763 1113 1826 benum
1133 1766 1254 1842 mordet,

120 1850 291 1921 tantumque
311 1849 389 1902 tenet
406 1839 455 1902 illa
495 1841 619 1921 rincipia,
639 1834 700 1900 Nos
720 1861 782 1902 esse
802 1843 945 1916 mortales,
970 1845 1128 1904 necessitati
1147 1845 1254 1908 frustra

119 1925 263 1996 mistim,
288 1922 336 1984 vel
354 1928 454 1982 contra
474 1861 563 1982 latum
584 1918 644 1995 niti,
663 1917 820 1989 Fortunam
839 1941 901 1982 esse
920 1941 1045 1982 coccam:
1070 1923 1140 1986 bace
1180 1927 1249 1986 erri-

119 2003 198 2066 oauia
216 2009 261 2062 est
280 2003 369 2082 magis
389 2019 476 2081 quam
496 2002 642 2080 patientia:
663 2003 730 2081 quia
749 2003 862 2061 iuterim
876 2001 996 2062 libenter
1010 2003 1146 2064 adversus
1156 1945 1253 2066 boum

120 2083 282 2144 calcitraret
302 2083 353 2162 qui
371 2080 542 2141 fortitudinis
562 2087 713 2161 praetextu
732 2082 807 2142 malo
826 2100 877 2140 suo
898 2082 1023 2162 despicit.
1055 2082 1102 2144 Ad
1121 2104 1252 2144 mansue·

119 2163 248 2224 tudinem
263 2181 331 2220 vero
351 2161 412 2222 sola
432 2161 503 2220 baec
524 2159 652 2220 doctrina
672 2162 785 2220 animos
805 2167 917 2242 postros
937 2161 1056 2242 subiget,
1075 2159 1181 2238 Deum,
1202 2165 1251 2224 ubi
1333 2196 1336 2207 ·

121 2261 190 2302 anos
210 2239 405 2302 vexationibus
424 2240 558 2318 exponit,
587 2259 687 2300 eorum
712 2241 800 2320 quieti
824 2241 865 2300 sic
884 2241 1040 2300 consulere.
1080 2241 1135 2302 Ubi
1155 2249 1251 2303 entem

122 2321 248 2400 reguabit
266 2319 338 2380 baec
358 2322 512 2398 persuasio,
531 2321 656 2402 quietem
676 2320 769 2401 peruri
788 2317 919 2378 fidelibus
938 2326 968 2379 et
987 2321 1162 2402 refrigerium
1181 2321 1250 2382 dum

121 2403 153 2462 io
171 2407 249 2460 aestu
268 2401 444 2462 miseriarum
463 2405 627 2472 versantur,
647 2417 682 2458 ns
697 2419 767 2459 rcum
787 2399 894 2458 mundo
913 2407 1045 2482 pereant,
1064 2403 1132 2460 eatis
1152 2421 1249 2480 supcr-

120 2500 178 2562 quc
195 2480 231 2539 ad
250 2479 408 2540 leniendam
468 2479 581 2538 cuilibet
600 2478 707 2541 doloris
726 2478 907 2540 acerbitatem
926 2477 1039 2538 valebit.
1079 2479 1144 2540 Hoc
1163 2481 1250 2541 modo

117 2560 300 2622 erumna
324 2559 370 2620 rel
394 2563 460 2620 mai
485 2559 653 2636 intelligeret
677 2558 821 2638 Propheta
845 2565 989 2619 oeternum
1014 2559 1170 2634 interitum,
1201 2559 1251 2640 qui

115 2628 257 2720 reprobus
277 2659 377 2700 omues
397 2645 491 2698 manet
510 2638 559 2698 ubi
578 2639 634 2698 illis
653 2639 689 2698 ud
710 2647 822 2720 tempus
842 2637 921 2698 Deus
941 2641 1107 2721 pepercerit.
1129 2637 1250 2700 Posscnt

118 2723 205 2782 etiam
225 2723 265 2780 sio
284 2717 559 2799 exponiPropbetae
581 2717 676 2790 verba,
696 2718 801 2778 Beatus
822 2719 871 2798 qui
890 2720 963 2778 inter
985 2717 1152 2780 afflictiones
1172 2721 1249 2799 quie·

118 2807 166 2862 tus
185 2807 215 2858 et
234 2799 403 2879 tranquillus
423 2817 484 2858 esse
504 2798 639 2858 didicerit.
679 2799 721 2857 lta
745 2795 889 2860 notabitur
912 2799 1028 2858 interior
1047 2800 1249 2884 tranquillitas,

118 2899 176 2960 qua
195 2879 330 2941 fruuntur
347 2879 445 2938 fideles
464 2879 549 2937 ctiam
568 2879 641 2938 inter
661 2878 767 2938 medias
790 2877 945 2956 procellos,
976 2886 1062 2957 atquc
1086 2879 1156 2938 baec
1175 2885 1249 2938 esset

117 2966 270 3020 contextus
294 2961 381 3030 ratio,
410 2958 514 3018 Beatus
539 2965 583 3018 est
607 2957 694 3018 bomo
720 2959 770 3038 qui
794 2957 941 3036 hucusque
966 2957 1118 3038 profecerit
1132 2960 1171 3018 'io
1194 2955 1249 3018 Dei

117 3039 209 3118 lege,
235 3046 264 3098 et
288 3038 385 3098 sedato
405 3039 500 3097 auimo
520 3045 549 3096 et
569 3039 727 3116 composito
745 3057 847 3098 omnes
865 3037 1006 3098 malorum
1025 3039 1146 3098 insultus
1165 3039 1249 3097 susti·

116 3127 192 3178 neat.
212 3117 271 3178 Sed
291 3120 358 3196 quia
376 3137 446 3176 mox
465 3119 604 3196 sequitur,
623 3119 693 3177 dune
708 3119 830 3197 foditur
848 3125 939 3198 impio
953 3121 1127 3198 sepulcrum,
1149 3105 1180 3177 el
1196 3139 1247 3198 op-

117 3199 210 3278 posita
230 3197 357 3256 membra
377 3198 450 3256 inter
468 3215 499 3256 se
520 3197 717 3276 respondeant,
738 3197 849 3256 videtur
867 3216 967 3256 eorum
987 3196 1165 3276 prudentiam
1184 3199 1247 3257 lau·

117 3279 184 3336 dare
204 3275 347 3356 Propbeta
368 3277 417 3356 qui
437 3295 468 3334 se
488 3277 517 3334 in
538 3276 614 3336 hunc
633 3276 720 3336 finem
740 3293 757 3335 a
779 3274 842 3334 Deo
862 3275 949 3354 afiligi
969 3282 1103 3356 reputant
1123 3284 1156 3336 ut
1175 3279 1247 3336 salvi

116 3359 174 3420 sint
193 3355 229 3416 ab
248 3358 373 3429 interitu,
393 3361 422 3416 et
442 3355 517 3415 felici
535 3356 652 3416 taudem
672 3357 753 3416 exitu
770 3355 923 3435 potiantur.
958 3353 1049 3415 Porro
1069 3354 1140 3415 haec
1159 3356 1247 3418 ultera

115 3453 182 3516 pars
202 3435 401 3496 consolationis
421 3437 538 3494 omniuo
558 3434 685 3496 addenda
704 3436 772 3494 luite
802 3437 867 3513 quia
891 3433 953 3494 fieri
976 3455 1034 3494 nou
1060 3441 1168 3515 potest,
1198 3435 1247 3493 ubi

113 3515 411 3656 ttttsttttttt
431 3514 670 3654 ttulit
689 3509 1248 3654 wiliiitdib{filiiflii}

113 3674 211 3814 pheta,
230 3675 387 3734 admonens
405 3617 614 3812 impioalsoper
629 3617 737 3734 lernam
755 3614 887 3753 relinqui,
907 3615 989 3732 sicguti
1008 3617 1177 3734 cadaverlin
1197 3692 1245 3730 cu·

134 3755 210 3816 lcnlo
237 3757 393 3834 repositum
417 3762 527 3828 manet,
576 3773 647 3814 onec
670 3753 791 3814 effosum
811 3756 847 3812 sit
866 3753 1038 3833 sepulcrum.
1078 3753 1130 3812 llis
1150 3759 1246 3812 autem

114 3833 210 3896 verbis
230 3833 313 3894 docet
329 3855 392 3896 non
411 3853 495 3913 posse
513 3835 595 3894 aliter
613 3833 711 3892 fideles
730 3839 893 3894 constanter
912 3842 1053 3913 perstare,
1073 3835 1127 3892 nisi
1146 3850 1245 3912 specu·

112 3915 172 3972 lam
192 3914 392 3986 conscendant,
412 3915 494 3972 sicuti
509 3913 641 3992 ,loquitur
661 3912 794 3974 Habacuc
814 3918 842 3988 2,
864 3917 891 3974 1.
912 3912 987 3972 unde
1007 3911 1108 3992 procul
1128 3915 1246 3971 cernant

113 3993 170 4052 Dei
189 3995 302 4055 iudicia.
321 3991 466 4053 Videbunt
484 3995 587 4072 impios
600 3995 718 4053 terrenis
732 3993 837 4052 deliciis
872 3995 952 4052 otiri:
970 3994 1023 4052 nisi
1038 3991 1149 4069 longius
1164 4009 1246 4048 suum

114 4074 316 4154 cogitationem
335 4073 497 4147 extendunt,
517 4093 585 4153 prae
599 4073 789 4152 indignatione
803 4074 838 4131 de
850 4074 940 4132 reicot
962 4069 1070 4132 Verum
1086 4070 1153 4128 siin
1167 4087 1244 4126 men-

113 4159 172 4212 tem
193 4157 304 4227 veniat,
329 4154 430 4212 domos
454 4172 528 4232 quae
546 4155 620 4212 viris
640 4151 794 4212 destinatae
814 4158 894 4226 sunt,
924 4149 958 4210 ad
978 4151 1113 4230 exiguum
1133 4155 1245 4228 tempus

112 4233 232 4293 conradi
252 4234 381 4304 mortuis,
402 4233 469 4292 dum
489 4233 546 4292 illis
565 4232 699 4292 effoditur
717 4232 888 4312 sepulerum,
908 4231 946 4290 ita
961 4239 991 4290 et
1006 4229 1170 4308 superstites
1185 4247 1243 4288 nra·
1328 4245 1334 4263 ¹

111 4331 182 4382 nere
201 4314 251 4390 qui
271 4319 366 4372 tamen
385 4314 473 4371 esitio
493 4313 549 4374 iam
569 4319 635 4372 sont
654 4312 763 4372 devoti:
793 4311 864 4372 baec
888 4309 1045 4372 consolatio
1070 4308 1106 4368 ad
1130 4303 1243 4389 placan-

111 4389 178 4450 dam
197 4392 339 4490 trietitiam
358 4391 489 4454 sufficiet.
