2874 4888
439 221 474 302 ’,
505 251 548 292 re
575 234 893 292 resonuerunt
1061 275 1065 298 ,
1221 249 1312 306 103'

135 373 280 454 quosdam
296 391 332 434 ea
351 371 438 432 iulasa
455 373 619 454 integritate
635 373 791 456 praeditos,
817 380 850 436 ut
868 373 982 436 laudem
1001 384 1130 436 summas
1148 375 1272 456 aequita-

135 457 171 514 tis
191 454 371 514 obtinuerint
390 470 405 511 a
426 452 465 512 nd
490 451 634 516 bominem
664 455 747 515 sicuti
771 452 944 536 gloriabatur
962 453 1116 529 Aristides,
1146 472 1177 513 se
1202 453 1276 513 nulli

29 563 33 571 ·
135 533 249 594 dedisse
267 551 383 592 cansam
402 473 504 592 irene.
523 531 583 594 Sed
601 535 669 613 quia
688 533 730 594 illi
750 553 816 596 oum
836 552 951 596 suarum
970 535 1111 594 virtutum
1150 540 1273 594 raestan·
1317 533 1339 562 '¹

135 617 192 687 tta,
215 612 264 674 vel
283 612 437 672 ambitione
456 609 553 674 referti
572 619 667 687 eraut,
693 613 740 672 ael
763 607 894 694 *superbia
919 615 1025 687 intlati,
1049 619 1082 673 ut
1105 613 1129 672 si
1148 611 1159 671 i
1183 631 1228 672 ma
1250 612 1273 671 'a

175 712 224 754 am
244 691 310 752 Deo
335 689 527 764 confiderent,
555 711 615 756 non
639 694 742 752 mirum
768 700 812 753 eet
830 694 963 754 vanitatis
987 711 1057 754 suae
1081 709 1205 773 poenam
1244 710 1272 752 e·

140 775 225 854 ¹isses
256 772 340 831 sicuti
360 770 495 851 prolanes
514 770 645 830 historias
666 771 800 851 legendo,
829 773 915 834 stulte
938 774 1075 832 miramur
1094 773 1144 852 qni
1164 771 1273 832 lactum

133 853 171 912 sit
191 857 225 912 ut
244 849 442 932 improborum
461 850 635 910 multitudini
654 853 818 932 exposuerit
837 849 919 912 Deua
942 851 1092 926 bonosius,
1117 869 1217 932 graves
1244 859 1273 910 et
1353 896 1355 902 .

133 919 682 1090 tsr‘atsrarrrrrri
698 927 1272 1071 rrinlustrarentur

132 1087 234 1150 Deum
252 1089 353 1150 oculos
372 1087 503 1148 attollere
521 1090 627 1169 dignati
643 1109 702 1150 nnn
717 1098 792 1150 sunt.
812 1090 911 1170 ltaque
931 1091 1062 1172 quamvis
1082 1087 1163 1150 nobis
1182 1051 1271 1148 simus

133 1169 208 1230 bane
223 1169 339 1240 conscii,
358 1165 477 1230 eben
493 1171 609 1230 nostrae
627 1170 804 1231 innocentiae
822 1171 948 1252 optimus
968 1171 1005 1232 sit
1023 1169 1112 1243 testis,
1131 1167 1155 1229 si
1175 1175 1269 1228 tauron

132 1249 268 1329 cupimus
287 1267 353 1308 enm
374 1247 454 1306 nobis
474 1247 582 1320 nde'sse,
601 1269 666 1328 spes
687 1257 799 1310 nostras
818 1258 848 1310 et
867 1269 949 1312 curas
968 1252 998 1310 in
1014 1269 1080 1308 eum
1095 1249 1206 1308 reiicere
1222 1267 1270 1308 ne·

133 1347 214 1388 nesse
234 1333 286 1386 eet.
311 1324 410 1407 Siquis
430 1325 553 1399 obiiciat,
573 1327 629 1387 boc
648 1329 734 1388 modo
753 1330 867 1389 ianuam
888 1328 980 1390 claudi
1000 1327 1207 1410 peecatoribus:
1227 1345 1268 1385 re·

132 1405 280 1490 spondeo,
305 1405 405 1484 Quum
424 1407 460 1466 ad
480 1421 511 1467 se
536 1409 670 1468 innoxios
689 1406 769 1468 Dens
792 1409 908 1480 inritat,
933 1428 991 1468 noo
1016 1409 1146 1489 protinus
1171 1421 1270 1466 omnes

133 1497 236 1546 arcere
256 1487 306 1568 qui
331 1486 372 1552 ob,
394 1505 444 1545 sus
463 1487 573 1547 *delicta
598 1486 775 1568 plectuntnre
805 1490 870 1570 quia
896 1487 950 1548 illis
969 1488 1005 1549 ad
1025 1507 1141 1546 manum
1161 1492 1204 1546 est
1223 1486 1270 1545 de·

134 1631 135 1634 ,
155 1567 270 1630 remrio.
311 1565 447 1628 Ceterum
466 1568 490 1628 si
510 1585 563 1627 uos
583 1567 686 1628 iniuste
705 1567 848 1628 laceseunt
869 1586 941 1649 qnos
961 1585 1107 1649 uunquam
1128 1565 1270 1640 laesimus,

152 1645 294 1728 uplinatur·
313 1645 425 1704 iiducia.
902 1681 904 1690 ι
967 1673 970 1690 ·
1080 1649 1084 1667 '

213 1727 242 1788 3.
262 1727 410 1785 Munere
428 1733 493 1786 oret.
532 1723 638 1786 lterum
659 1723 696 1786 ad
714 1723 771 1787 Dei
789 1725 1010 1788 misericordiam
1029 1723 1165 1806 coniugii.
1193 1721 1269 1783 Nem

131 1804 254 1902 rprburn
278 1807 338 1902 tm
357 1801 500 1900 ⁸llelrraeis
524 1805 692 1866 unluudem
717 1807 794 1868 valet
818 1825 852 1867 ac
876 1805 1039 1887 gratificari:
1069 1801 1187 1886 perinde
1211 1805 1269 1898 acsi

132 1885 256 1960 droeret,
280 1903 312 1944 se
335 1883 407 1944 urbrl
431 1885 531 1945 elierre
554 1887 662 2026 proprii
687 1887 794 1962 meriti,
818 1884 867 1948 sed
893 1905 925 1946 sn
949 1885 1059 1968 pliciter
1078 1904 1095 1945 a
1114 1903 1193 1944 mera
1214 1881 1269 1943 Der

133 1966 223 2048 gratia
242 1969 340 2046 petere
359 1963 562 2025 liberationem.
615 1985 660 2026 arn
682 1965 758 2048 quod
780 1985 811 2026 se
830 1976 912 2052 prote·
933 1989 958 2026 ae
977 1967 1106 2026 clamore
1125 1963 1206 2036 dicit,
1225 1970 1268 2022 te-

132 2045 299 2104 stimonium
319 2050 364 2105 est
383 2063 397 2102 s
418 2045 442 2103 ei
463 2063 497 2104 ac
516 2043 645 2120 iiducia'e,
665 2045 700 2106 de
721 2063 778 2126 qua
798 2045 885 2126 paulo
905 2055 972 2106 ante
992 2044 1098 2104 dictum
1119 2049 1171 2102 est
1202 2041 1268 2102 Cla-

131 2125 229 2184 msndi
244 2123 342 2196 verbo,
362 2141 399 2184 ve
436 2125 569 2184 mentium
584 2127 686 2198 notan,
706 2127 818 2205 saepius
832 2127 888 2184 iarn
903 2126 1074 2186 monuimus.
1095 2119 1268 2201 Quanquam

131 2206 210 2266 enirn
229 2223 289 2264 non
308 2221 422 2298 semper
435 2221 622 2264 sonoravoce
637 2223 736 2284 preces
752 2205 914 2286 cnnm'piunt
925 2201 1031 2277 Sancti,
1052 2203 1156 2262 occulti
1172 2207 1283 2262 tamen·
1335 2261 1342 2279 ,

133 2281 837 2444 :tttt‘tt'tltrttttl,ttt‘ttl
856 2282 996 2440 tritt,
1008 2285 1269 2420 tttttttttt

132 2441 224 2502 laima
236 2441 362 2505 tractum
382 2443 532 2522 primovel
551 2442 678 2504 secundo
696 2443 812 2516 insultu,
832 2441 881 2504 sed
900 2439 1065 2522 infatigabili
1086 2440 1180 2499 studio
1200 2457 1269 2498 con-

131 2522 259 2583 tinuasse
278 2539 385 2602 preces.
428 2517 563 2586 Proximo
583 2541 668 2583 versu
687 2524 777 2603 magis
797 2522 957 2604 specialiter
977 2519 1113 2601 exprimit
1132 2538 1219 2598 quem
1239 2519 1268 2576 in

131 2600 221 2661 linem
248 2604 391 2682 optauerit
415 2599 509 2662 Deum
534 2601 586 2662 sibi
611 2621 674 2663 esse
698 2602 922 2662 misericordam:
952 2620 1055 2680 nempe
1079 2605 1111 2660 nt
1137 2616 1269 2658 moerore

131 2699 187 2740 sun
204 2681 357 2740 eximatur.
376 2677 511 2742 Secundo
526 2688 622 2742 eutem
643 2681 770 2742 membro
790 2681 916 2743 declarat
934 2679 1005 2740 nibil
1023 2678 1146 2740 fictionis
1165 2679 1194 2756 in
1215 2696 1268 2736 suo

132 2760 258 2820 clamore
277 2779 353 2832 esee,
373 2763 439 2842 qnia
459 2763 583 2822 animam
603 2779 686 2822 suum
705 2761 741 2822 ad
760 2759 857 2824 Deum
876 2760 1003 2837 attollat,
1023 2777 1098 2842 quae
1118 2757 1282 2840 praeeipua‘

131 2849 177 2901 est
196 2840 250 2898 rite
269 2841 367 2900 omndi
387 2841 470 2900 ratio.
1340 2840 1344 2846 '

213 2919 242 2981 5.
263 2924 413 2994 Quorsum
430 2921 592 2982 tutelone.
618 2919 766 2982 Anatnra
786 2917 842 2982 Dei
861 2915 1010 2981 coufirmat
1031 2924 1120 2980 totam
1141 2916 1267 3003 superio·

131 3015 194 3060 rem
220 2999 392 3074 doctrinam,
416 3001 483 3078 qnia
506 2999 612 3060 frustra
637 3000 672 3059 ad
693 2999 787 3060 Deum
808 2999 993 3082 confugerent
1012 2999 1120 3072 miseri,
1144 2996 1176 3058 et'
1193 2995 1268 3056 votis

129 3080 161 3139 lu
181 3079 295 3138 coelum
315 3085 503 3159 assurgerent,
522 3080 576 3138 nisi
596 3079 721 3162 persuasi
738 3088 833 3142 essent
846 3079 936 3140 lidum
951 3098 1012 3139 esse
1025 3083 1266 3150 remuneratorem

130 3155 265 3218 omnibus
284 3161 334 3238 qui
354 3177 420 3218 eum
438 3161 582 3219 invocant.
622 3157 688 3220 lluc
707 3177 784 3220 nunc
806 3159 944 3220 incumbit
964 3155 1073 3232 David,
1096 3156 1193 3218 Deum
1217 3155 1268 3216 be·

128 3237 257 3298 melicum
276 3256 339 3298 esse
357 3245 387 3299 et
405 3238 591 3313 exorabilem,
610 3246 643 3299 nt
662 3259 716 3322 pro
735 3237 928 3334 magnitudine
947 3255 1016 3297 suae
1036 3237 1201 3297 clementiae
1221 3253 1266 3296 re-

128 3317 252 3400 pudiare
271 3323 397 3398 neqneat
415 3317 579 3414 quicunque
598 3318 660 3380 eins
680 3337 764 3400 opem
783 3318 946 3398 rnrplnrnnt.
967 3313 1054 3394 Quod
1065 3313 1160 3375 Deum
1181 3321 1267 3376 vocat

123 3399 318 3478 pluoobtbm,
348 3415 458 3476 specres
482 3405 527 3458 est
550 3397 691 3458 bonitatis.
732 3395 832 3477 Neque
855 3397 931 3458 enirn
950 3394 1093 3456 sufficeret
1113 3395 1144 3454 in
1162 3413 1266 3474 genere

127 3493 194 3536 ease
210 3475 287 3535 bonu
320 3517 329 3548 ‚
350 3477 404 3536 uisi
424 3479 507 3536 etiam
528 3475 723 3560 peccatoribus
744 3479 914 3558 ignosceret,
953 3473 1010 3535 uod
1029 3473 1119 3536 intelli
1139 3476 1197 3533 itur
1215 3491 1267 3554 per

127 3573 234 3615 vooem
255 3496 353 3624 npt'o.
386 3554 561 3636 Quanquam
581 3563 677 3616 autern
697 3555 908 3620 multitudinem
927 3495 1094 3616 dementiae
1114 3495 1171 3614 ssei
1189 3569 1266 3611 rom·

127 3635 262 3708 mendac,
286 3650 363 3694 'mox
389 3641 485 3694 tameo
508 3635 633 3716 elogium
657 3635 727 3696 illnd
751 3637 895 3716 restringit
918 3634 952 3695 ad
979 3633 1077 3694 fideles
1101 3633 1151 3714 qni
1171 3632 1265 3712 ipsum

63 3781 70 3788 .
126 3717 281 3776 invocante
301 3722 335 3772 ut
348 3715 476 3774 'edemus
495 3717 599 3776 merito
619 3717 648 3778 in
668 3719 727 3776 anis
746 3715 829 3776 malis
848 3716 949 3796 perire,
970 3717 1017 3794 qui
1039 3713 1168 3796 neglecto
1190 3708 1264 3780 Deo,

125 3795 241 3856 tenum
267 3795 641 3856 contumaciterarrnduut.
680 3791 775 3854 Simul
798 3803 898 3856 tamen
926 3796 992 3855 dicit
1012 3816 1125 3868 omnes,
1150 3798 1183 3850 ut
1202 3792 1263 3850 sins

127 3877 300 3956 exceptione
319 3893 336 3934 a
355 3876 474 3934 minimo
494 3893 586 3957 neque
605 3877 641 3936 ad
661 3875 819 3936 maximus
838 3871 960 3956 quilibet
978 3874 1082 3936 audeat
1101 3890 1132 3932 se
1151 3871 1188 3931 ad
1210 3869 1262 3928 bet

125 3953 349 4015 misericordiam
368 3953 505 4014 conferre.
838 3987 840 3996 ·
1315 4005 1320 4031 ,

208 4037 237 4096 6.
269 4035 416 4094 macodo
435 4035 555 4094 Istron.
593 4031 658 4096 Hoc
682 4052 768 4094 versu
796 4040 827 4094 et
855 4035 989 4115 proximo
1013 4049 1103 4111 quum
1132 4026 1263 4090 ardenter

127 4119 197 4173 vota
215 4114 310 4185 iteret,
330 4113 462 4187 ostendit,
486 4133 546 4174 nou
564 4114 623 4174 levi
642 4112 742 4175 dolore
760 4127 795 4174 se*
811 4113 899 4190 luisse
917 4113 1185 4184 constrictumpuen
1203 4127 1262 4168 me·

128 4191 220 4253 dineri
238 4193 325 4252 etium
345 4203 412 4254 cura
433 4201 584 4254 aestuasse.
603 4191 702 4275 Atque
721 4193 778 4254 boe
795 4192 928 4275 exemplo
948 4193 1092 4264 docemur,
1111 4189 1195 4248 nimis
1215 4189 1262 4248 lri·

147 4271 210 4332 'dos
229 4289 292 4331 esee
311 4272 358 4332 rel
377 4273 529 4348 evanidos,
558 4275 607 4354 qui
629 4293 712 4355 prece
731 4293 786 4334 nna
813 4272 954 4345 delnucti,
982 4271 1034 4330 nisi
1061 4288 1130 4330 mox
1155 4275 1262 4330 annuat
1420 4303 1421 4318 r

128 4291 224 4426 fiens,
250 4351 393 4412 letiscnnt.
433 4349 495 4412 Nec
513 4373 583 4414 vero
607 4355 701 4414 inanis
720 4361 763 4416 eat
783 4354 915 4435 repetitio
935 4369 992 4432 qun
1011 4348 1146 4432 paulatim
1164 4347 1263 4411 lideles
1322 4365 1326 4376 ¹
1420 4353 1421 4370 ¹
