2890 4886
696 163 707 194 s
721 185 723 204 t

538 307 844 350 reassumere
989 339 1001 350 .
1107 283 1109 294 ⁴
1207 275 1274 368 bol*

121 435 252 506 foenum,
273 437 303 494 et
322 433 414 493 omnis
434 433 523 514 gratia
542 433 603 493 eius
623 422 703 512 qnasi
722 431 777 491 llos
795 429 908 492 herbae.
935 424 1063 490 Verbum
1083 439 1179 494 antem
1199 431 1259 494 Do·

122 515 196 575 mini
215 517 245 573 in
265 521 410 574 aetornum
430 518 534 576 manet.
573 512 634 571 lam
659 513 726 594 quia
746 531 803 588 ,nos
823 512 875 571 sibi
895 511 1085 592 perverbum
1105 514 1207 573 eoniun
1228 516 1259 590 't,

123 595 311 675 quantumvis
331 595 416 653 distet
434 593 540 672 fragilis
559 599 656 663 nostra
676 592 801 652 conditio
820 611 838 652 a
858 591 973 651 coelesti
992 593 1054 652 eius
1065 591 1168 671 gloria:
1188 536 1259 656 ulls

123 683 222 735 tamen
242 681 339 733 nostra
358 673 394 732 ad
414 671 528 732 beatum
547 673 629 752 illum
648 676 753 732 statum
773 677 920 752 penetrare
940 671 1031 745 debet,
1052 691 1090 732 ex
1109 671 1261 752 quoDeus

123 755 254 814 miserias
274 761 386 813 nostras
404 753 528 833 respicit,
550 751 724 833 Quanquam
743 751 799 811 alio
819 767 935 832 quoque
955 758 1064 832 spectat
1084 755 1260 832 comparatio

124 837 202 894 inter
222 841 364 893 aeternam
377 831 441 892 'Dei
460 835 561 904 vitam,
585 837 616 891 el
634 831 720 892 breve
739 829 879 891 humanae
900 831 975 892 vitae
994 831 1181 892 curriculum:
1206 832 1261 894 hac

125 915 212 974 etiarn
237 931 322 973 eausa
347 911 383 972 ad
407 912 627 972 misericordiam
652 911 775 971 flectitur
794 909 889 986 Deus,
914 910 982 970 dum
1002 911 1080 971 videt
1098 914 1180 992 quasi
1200 933 1261 972 rno-

125 1001 225 1053 mento
245 993 365 1054 tranum
383 991 528 1066 homiues,
552 998 582 1051 et
606 1011 676 1051 mox
697 1000 877 1052 evanescere:
901 990 985 1052 sicuti
1008 990 1098 1052 lusius
1122 1011 1192 1054 mox
1209 1013 1258 1076 ex·
1350 1057 1354 1071 ,

123 1081 256 1215 poml‘lll.
277 1155 372 1212 Prius
388 1153 527 1232 fundarit
545 1159 664 1210 terrem.
683 1147 848 1231 Amplilicat
862 1149 940 1230 quod
979 1149 1037 1210 rius
1057 1130 1138 1226 dixit,
1157 1171 1262 1234 nempe
1280 1217 1283 1222 ,

126 1241 222 1296 totum
246 1227 400 1313 mnndum,
429 1234 452 1290 si
481 1229 643 1290 conteratur
667 1243 732 1290 cum
758 1229 837 1304 Deo,
866 1169 1014 1289 evanirllrm
1038 1251 1101 1294 esse
1125 1229 1261 1312 liguram:

125 1314 218 1455 pilli
257 1317 303 1452 il
320 1307 1262 1472 ttttltttt,titttlttttttttttteqttat

126 1417 147 1453 v
507 1433 518 1465 ,
1144 1433 1153 1450 .

126 1475 216 1556 igitur
234 1471 361 1532 membra
381 1477 456 1544 snut,
476 1469 576 1548 Quum
596 1471 667 1530 coeli
686 1471 740 1552 ipsi
759 1469 833 1530 nihil
850 1469 910 1530 lere
928 1488 946 1530 a
964 1470 1049 1546 fumo
1065 1473 1195 1532 differant
1214 1491 1262 1533 co·

126 1575 190 1615 ram
210 1551 290 1626 Deo,
310 1569 373 1610 eam
393 1569 454 1610 esse
472 1549 650 1628 fragilitatem
670 1551 700 1608 irr
719 1550 845 1610 humano
864 1569 966 1630 genere
986 1568 1059 1630 quae
1079 1549 1134 1611 Dei
1154 1551 1262 1612 miseri-

126 1633 257 1694 cordiam
275 1649 433 1724 provorpre
454 1629 566 1702 debeata
586 1627 706 1704 Deinde,
726 1637 871 1710 utcunque
890 1627 969 1689 nulla
989 1633 1025 1690 sit
1039 1630 1112 1690 coeli
1129 1639 1158 1691 et
1171 1639 1263 1692 terrae

127 1713 276 1785 stabilitae,
296 1709 438 1771 Ecclesiae
457 1716 551 1768 tamen
572 1709 701 1784 salutem,
720 1711 787 1790 quia
808 1710 923 1769 suffulta
943 1713 986 1768 esi
1006 1717 1118 1771 aeterua
1138 1709 1262 1772 Dei-ve·

127 1797 229 1865 ritate,
249 1791 360 1851 tirmanr
380 1797 522 1871 perpetue
537 1787 608 1848 fore.
638 1788 738 1849 Priore
756 1788 884 1850 membro
905 1789 1043 1850 docentur
1061 1789 1173 1866 fideles,
1193 1791 1263 1851 dnm
1330 1812 1338 1830 ’
1391 1783 1396 1796 ”

127 1873 321 1956 prodeuntiu
341 1877 523 1950 conspectum
543 1865 614 1941 Dei,
637 1867 802 1950 suppliciter
821 1877 953 1951 reputare
973 1887 1059 1950 quarn
1079 1873 1158 1931 iluna
1177 1871 1214 1931 sit
1233 1877 1262 1930 et

127 1953 238 2014 caduca
257 1969 309 2010 sna
328 1949 463 2022 conditio,
483 1967 520 2007 nc
540 1947 616 2008 aliud
630 1967 717 2029 quarn
733 1967 813 2008 snam
825 1951 989 2009 inanitatem
1001 1949 1128 2009 afferant.
1148 1949 1263 2010 Primus
1293 1993 1298 2002 .

127 2035 206 2094 enim
225 2031 261 2091 ad
281 2029 484 2125 conciliandam
503 2026 586 2087 nobis
604 2031 723 2108 gratiam
747 2027 849 2108 grodm
874 2033 917 2088 est
937 2029 1008 2105 lraec
1027 2029 1159 2090 deiectio:
1189 2031 1263 2089 sicut

128 2114 217 2172 etiam
236 2111 341 2170 nostris
360 2110 479 2168 miseriis
499 2126 529 2166 se
549 2109 657 2169 moveri
677 2105 900 2180 allirmatDeus,
917 2108 1040 2168 utnobis
1059 2111 1095 2169 sit
1114 2111 1262 2190 propitius.
1301 2165 1304 2175 ,
1367 2163 1371 2183 ,

128 2191 197 2250 lluc
216 2191 322 2269 optime
343 2188 465 2267 quadrat
484 2187 629 2246 coelorum
649 2188 837 2266 comparatio:
868 2195 975 2266 quanta
999 2190 1074 2247 eninr
1098 2197 1142 2249 est
1161 2207 1263 2250 eorum

128 2277 257 2332 vetustas
276 2271 353 2328 vitae
371 2261 487 2326 nostrae
506 2273 652 2346 respectu,
677 2285 751 2345 quae
773 2273 832 2327 tanr
852 2267 908 2326 cito
930 2270 1079 2347 praeterit,
1102 2269 1149 2329 vel
1167 2271 1268 2351 potius

113 2351 246 2412 ,eruut
264 2355 336 2428 quot
355 2348 516 2407 mortalium
537 2353 644 2405 aetates
661 2347 816 2420 fluxerunt,
835 2367 873 2426 eu
888 2366 946 2426 quo
962 2347 1034 2406 coeli
1054 2351 1187 2408 continua
1207 2351 1264 2429 agi·
1294 2347 1296 2352 ’

130 2432 240 2490 tatione
260 2435 389 2488 natrrraru
411 2445 491 2484 anam
509 2427 652 2486 retinent?
692 2425 801 2485 Deinde
826 2433 885 2486 tam
910 2428 1047 2486 concinna
1072 2436 1101 2488 et
1120 2428 1264 2507 praeclara
1297 2497 1303 2504 ,

129 2510 237 2570 fabrica
257 2527 288 2568 se
308 2527 383 2588 opus
401 2524 463 2565 esse
482 2523 619 2564 manuum
640 2503 695 2566 Dei
714 2505 848 2566 clamitat.
879 2505 970 2588 Atqui
989 2527 1082 2587 neque
1101 2509 1265 2588 antiquitas,

130 2609 226 2668 neque
245 2596 304 2647 tam
318 2586 417 2666 pulcer
431 2591 549 2645 ornatus
563 2585 659 2645 coelos
673 2587 798 2648 eximent
812 2585 848 2645 ab
862 2587 987 2646 interitu.
1008 2585 1085 2666 Quid
1098 2607 1166 2666 ergo
1182 2589 1264 2648 uobis

111 2670 240 2730 misens
259 2667 425 2727 mortalibus
445 2665 510 2736 fiet,
539 2667 590 2744 qui
609 2666 659 2724 vix
683 2666 752 2724 dum
772 2661 832 2726 nati
851 2667 1008 2728 morimur?
1036 2668 1103 2747 quia
1122 2667 1200 2727 nulla
1220 2675 1265 2729 eei

128 2751 208 2810 vitae
226 2755 341 2808 nostrae
361 2745 500 2827 particula
517 2759 593 2824 quae
611 2765 671 2808 non
689 2747 819 2806 celeriter
832 2747 867 2807 ad
882 2755 1003 2808 morters
1018 2747 1142 2808 inclinet.
1164 2746 1263 2825 Quou-
1320 2753 1328 2763 ’

130 2846 218 2910 quarn
245 2845 303 2887 uon
327 2845 385 2886 uno
410 2827 497 2885 modo
521 2833 671 2904 exponunt
693 2825 861 2908 interpretes
880 2831 975 2889 coeloe
991 2837 1097 2910 perere.
1138 2825 1264 2906 Quidam

61 2977 71 2989 ¹
130 2909 298 2990 simpliciter
317 2907 352 2968 de
371 2909 528 2966 mutatione
551 2907 725 3045 intelligunt,
755 2927 828 2986 quae
851 2910 960 3047 species
984 2911 1123 2988 quaedam
1148 2909 1201 2969 erit
1219 2910 1263 2967 in·
1321 2927 1350 2968 ¹.

130 2991 242 3049 teritus.
262 2986 325 3046 Etsi
343 2988 419 3046 enim
438 3005 496 3046 uon
517 2992 584 3044 suot
602 3006 633 3045 re
653 2987 745 3067 igendi
763 2993 792 3046 in
812 2987 870 3048 nihi
884 3009 941 3064 um,
959 2990 1021 3068 ipsa
1036 2996 1132 3050 tamen
1146 2995 1264 3050 naturae
1290 2987 1299 3000 '

38 3125 44 3132 .
130 3069 261 3128 alteratio
282 3071 329 3143 (ut
347 3069 386 3126 ita
406 3065 521 3146 loquar)
546 3065 675 3126 absumet
700 3067 777 3146 quod
800 3069 921 3129 mortale
945 3075 989 3128 est
1013 3088 1047 3130 ae
1066 3069 1263 3149 corruptibile:

132 3155 168 3208 nt
186 3149 234 3230 abi
253 3165 316 3207 esse
335 3145 406 3206 coeli
425 3148 563 3226 incipiant
582 3163 617 3203 ac
636 3147 712 3206 novi.
734 3145 897 3207 Secundum
915 3150 988 3209 elios
1008 3147 1200 3210 subaudienda
1219 3156 1265 3210 est

131 3228 268 3300 conditio,
287 3225 394 3285 SiDeo
409 3227 449 3285 ita
469 3227 618 3305 placuerit:
639 3227 705 3304 quia
725 3225 878 3286 absurdum
897 3245 960 3287 esse
978 3229 1149 3303 existimant,
1168 3229 1265 3290 coelos

131 3305 431 3388 comptionitsubiici.
451 3305 509 3366 Sed
522 3305 645 3385 primum
664 3305 742 3363 nulla
760 3307 912 3386 necessitas
931 3309 1007 3390 cogit
1026 3307 1182 3368 adsciscere
1202 3328 1266 3388 par·

130 3387 248 3448 ticnlam
272 3387 349 3448 illam
374 3403 448 3466 qnae
471 3387 571 3466 mog'n*
584 3383 704 3464 impedit
727 3403 842 3445 neutum
864 3386 1113 3467 quarnexpediat
1152 3385 1266 3450 Deinde

132 3468 206 3529 lalso
220 3467 312 3528 coelis
331 3465 459 3526 tribuunt
477 3466 665 3526 immortalem
686 3471 801 3538 statum,
821 3485 895 3544 qnos
915 3464 1030 3541 Paulus,
1050 3487 1108 3526 non
1129 3485 1210 3528 secus
1229 3487 1265 3530 ac

131 3555 237 3607 terram
257 3547 383 3626 aliasque
403 3552 559 3615 creaturas,
587 3563 699 3626 gemere
724 3553 753 3605 et
776 3547 917 3626 parturire
936 3546 1003 3605 dicit
1022 3546 1169 3628 usquead
1190 3547 1266 3610 diem

131 3626 345 3707 redemptionis,
362 3623 447 3684 Rom.
468 3627 496 3698 8,
516 3629 564 3686 ¹22.
590 3643 625 3684 eo
652 3625 729 3704 quod
753 3625 897 3686 subiectae
916 3627 977 3706 siut,
987 3628 1181 3708 corruptioni,
1206 3648 1267 3690 non

133 3714 236 3786 opunte
253 3707 301 3765 vel
321 3709 437 3777 natura,
466 3705 515 3764 sed
539 3706 606 3784 qnia
624 3703 765 3766 humore
786 3707 878 3785 praeci
898 3707 984 3780 ltans,
1013 3713 1108 3768 totum
1127 3709 1267 3770 mmtum

134 3785 165 3846 in
184 3786 308 3846 eiusdem
328 3786 425 3845 ruinae
449 3788 612 3845 societatem
631 3803 729 3846 secum
749 3788 845 3846 traxit.
898 3787 934 3846 u'o
948 3788 1036 3867 igitur
1049 3790 1169 3869 tenenda
1184 3795 1265 3850 sunta
1292 3839 1310 3865 „

131 3883 201 3926 vere
219 3885 296 3925 nunc
314 3865 455 3926 obnoxios
474 3881 536 3925 esse
554 3866 650 3925 coelos
669 3867 844 3946 corruptioni
866 3873 984 3948 prepter
1003 3866 1126 3929 hominis
1139 3869 1264 3948 lapsum:

131 3952 162 4004 et
181 3945 221 4005 ita
240 3952 408 4020 renovatum
426 3946 476 4020 iri,
501 3953 535 4006 ut
557 3946 658 4005 merito
678 3947 819 4028 perituros
839 3945 914 4006 dicat
934 3946 1092 4030 Propheta,
1118 3951 1186 4030 pria
1206 3968 1264 4010 non

130 4025 217 4084 iidem
236 4032 330 4098 erunt,
350 4024 474 4084 sedulii.
495 4021 614 4085 Summa
633 4032 685 4100 est,
705 4035 1031 4108 quocunqueverlanrus
1046 4028 1153 4104 oculos,
1173 4028 1265 4090 donec

131 4103 402 4164 adllenmventurn
423 4104 517 4176 luerit,
538 4103 640 4184 ubique
661 4106 743 4165 nobis
762 4107 989 4188 desperationem
1009 4127 1165 4170 occurrere.
1185 4106 1266 4187 Quid

131 4185 207 4243 enim
228 4185 257 4243 in
278 4183 360 4242 nobis
379 4189 423 4242 est
442 4185 495 4242 uisi
516 4185 653 4264 putredo?
677 4193 707 4245 et
730 4189 799 4266 quid
819 4207 916 4247 sumus
936 4189 989 4268 ipsi
1009 4189 1062 4247 uisi
1081 4189 1182 4248 mortis
1201 4209 1270 4277 spe.

131 4264 250 4323 culum?
288 4263 348 4322 lum
374 4261 442 4343 quid
470 4263 545 4322 aliod
565 4271 609 4323 est
629 4267 715 4326 tutius
734 4267 832 4326 rnundi
853 4271 1000 4344 mutatio,
1013 4268 1066 4328 nisi
1085 4271 1265 4350 praesagium

62 4393 68 4418 ,
130 4343 292 4482 puoddam,
317 4344 376 4402 imo
400 4341 576 4422 praeludium
597 4345 743 4405 interitus?
782 4347 814 4408 Si
834 4349 966 4408 universa
987 4347 1084 4407 mundi
1104 4348 1208 4412 fabrica
1228 4350 1265 4411 ad

141 4441 170 4483 rn

148 4423 322 4528 ‘em'srium
342 4421 442 4497 lemur,
472 4421 596 4502 quidde
615 4441 718 4516 gepere
733 4425 863 4491 ltumano
881 4427 950 4507 liet?
979 4426 1012 4487 Si
1037 4429 1176 4492 interituri
1200 4436 1267 4492 eunt
