2884 4886
395 343 398 352 ,
524 297 842 340 reassumere.
1064 309 1073 330 ι
1205 297 1258 355 231

111 418 172 489 ¹uta
190 430 415 496 messan,
427 359 583 564 pobdejissst
600 429 707 483 tumea.
737 419 884 502 signifieat
897 419 972 481 enim
987 419 1114 482 nendm
1133 421 1259 483 hostium

90 507 326 604 ginta-periere
346 521 409 562 ease
465 511 574 574 mrum,
592 501 643 562 sed
661 501 770 597 pab'tne
783 511 844 562 'aes
866 499 960 563 insere
983 519 1017 561 ao
1036 503 1174 582 peoiioere
1192 521 1260 564 suos

128 592 264 666 impetus,
283 581 371 644 modo
389 583 451 662 ipse
469 582 600 662 dpposita
619 580 676 642 Des
695 599 783 643 mann
800 587 919 664 tegatur.
957 579 1000 640 lta
1019 600 1050 642 se
1069 585 1098 642 et
1116 581 1188 642 alios
1207 601 1260 643 sno
1374 639 1379 650 ,

128 658 1262 824 ttttlttt‘tttttffitntt'ittttttttttmtit

75 883 80 892 ,
129 823 220 886 linens
237 822 369 882 tristitiae
388 820 441 880 sibi
461 823 490 880 in
515 819 644 881 intnrum
667 825 781 902 tempus
804 821 952 918 promittit
992 817 1076 881 Unde
1093 819 1262 900 oolllgimru,

130 901 233 964 leniter
251 906 280 962 et
299 901 454 961 mansuetis
473 900 573 962 animis
592 897 722 960 ferendas
740 917 802 960 esse
820 899 995 974 afflictiones,
1021 899 1112 959 donee
1130 901 1262 959 adveniat

131 989 277 1045 maurum
296 981 392 1061 gaudii
411 986 534 1062 tempus.
563 977 596 1040 In
615 979 713 1040 eadem
733 979 817 1040 etiam
836 979 1003 1058 gloriatione
1021 979 1114 1060 pergit
1133 977 1263 1063 sequenti

130 1081 230 1122 versu:
250 1063 318 1142 quia
338 1061 391 1118 etsi
410 1077 513 1140 magna
533 1057 683 1120 insolentia
692 1057 786 1120 efferri
794 1058 872 1134 ridet
880 1057 1035 1139 improbos,
1054 1059 1262 1139 prosultameu

131 1139 289 1202 extendens
312 1137 379 1200 iidei
403 1140 548 1214 intuitum,
572 1159 632 1199 non
650 1136 762 1200 dubitat
785 1139 855 1220 quin
874 1137 955 1200 De'na
975 1138 1128 1200 frustretur
1145 1137 1262 1200 laudem

127 1229 161 1284 et
180 1217 541 1283 martaronensem
845 1231 849 1250 ⁸
1092 1268 1094 1276 .
1217 1214 1219 1226 ’

213 1303 262 1364 30.
280 1301 426 1362 Laudato
444 1302 585 1360 ledaeum
603 1301 687 1361 uelde
705 1321 757 1361 ore
776 1323 848 1362 meo.
878 1296 992 1360 Clarius
1011 1318 1051 1360 ex
1062 1297 1117 1360 bae
1135 1296 1263 1358 clausula

133 1379 225 1460 liquet
248 1377 327 1458 quod
350 1397 442 1476 nuper
467 1379 536 1453 dixi,
564 1377 707 1440 Davidem
730 1385 828 1441 saneta
849 1377 917 1440 fidei
937 1379 1105 1460 gloriatione
1123 1377 1263 1442 lacessere

132 1459 230 1520 hostes
248 1465 440 1539 suos,pet1us
459 1477 546 1538 qnam
570 1462 687 1541 preeeri.
728 1456 802 1520 Nam
821 1459 902 1540 qnasi
928 1466 1060 1520 votorum
1079 1475 1208 1538 sompes,
1226 1457 1264 1518 ad

7 1613 8 1618 η
111 1536 333 1622 ¹gratitudinem
362 1555 395 1599 se
423 1539 563 1619 aoemgit,
592 1538 680 1617 Quod
705 1540 893 1602 autemdicit
916 1561 967 1600 ors
985 1561 1058 1613 seeo,
1086 1554 1146 1598 nun
1171 1539 1264 1598 estin

131 1621 189 1684 hae
208 1635 286 1678 rone
309 1617 498 1698 pleonasmos,
527 1619 614 1680 aienti
633 1619 706 1680 ialso
771 1617 846 1680 idam
885 1624 981 1680 utente
1010 1619 1060 1680 sed
1080 1637 1116 1678 ea
1138 1616 1215 1676 rimit
1233 1635 1265 1692 se
1300 1614 1303 1623 “

63 1760 67 1768 ,
132 1696 247 1781 publice
284 1698 368 1759 retias
387 1693 452 1757 De'u
473 1703 617 1759 asturum:
642 1700 700 1759 ausi
749 1705 838 1771 oeret,
857 1639 924 1759 lion
944 1697 1030 1757 modo
1050 1637 1137 1778 aperi
1146 1715 1202 1768 me,
1221 1703 1263 1756 ta·

134 1717 306 1839 dromida
325 1776 438 1850 affeetu,
458 1777 506 1836 rel
528 1777 661 1858 privatim
685 1779 746 1838 siue
767 1777 888 1840 testibus
910 1777 1071 1858 expendam
1116 1775 1164 1836 uid
1185 1773 1266 1836 Deus
1350 1829 1354 1838 ,

134 1856 206 1920 mihi
230 1855 398 1931 euntnlerit‚
426 1856 476 1916 sed
502 1857 611 1917 solenni
636 1857 728 1917 laudis
752 1856 890 1918 sacrificio
914 1859 1009 1939 palam
1034 1796 1115 1937 apud
1136 1852 1266 1915 homines
1330 1911 1337 1919 .

135 1937 265 1999 testabor
289 1943 428 2017 quanm
452 1937 513 1996 eins
536 1937 642 2018 gratiae
666 1936 792 1997 dsbmm.
832 1934 901 2013 Quo
920 1937 1007 1997 etiem
1025 1955 1111 1996 aenan
1129 1953 1200 1994 mox
1219 1935 1267 1994 ad·

137 2035 226 2158 ibide
244 2091 320 2156 verti
357 2103 440 2156 oleat.
468 2094 531 2176 bgu
550 2103 645 2156 tamen
664 2093 783 2177 Magnos
801 2095 954 2156 transferre
974 2095 1074 2153 malui:
1094 2095 1162 2172 qnia
1172 2091 1268 2156 David

96 2205 98 2210 ·
135 2175 275 2237 eelebrem
293 2115 530 2240 utbonorifieum
550 2193 702 2258 procerum
720 2181 894 2236 conventum
912 2175 1026 2234 videtur
1043 2179 1150 2234 notare
1182 2173 1269 2234 Certe

136 2261 249 2336 gratnm
273 2273 305 2316 se
327 2253 391 2316 iore
408 2253 475 2316 Deo
498 2255 650 2338 profitetur
672 2272 731 2317 nou
756 2255 787 2314 in
806 2253 929 2316 obseura
951 2260 1064 2314 tanturn
1083 2269 1118 2312 an
1170 2273 1198 2328 o,
1217 2251 1268 2312 sed

138 2336 262 2396 maxima
292 2335 392 2416 populi
414 2335 588 2415 frequentia,
617 2342 711 2418 atque.
726 2336 801 2394 inter
824 2336 902 2414 ipsos
925 2351 1079 2415 proceres.⁴
1133 2333 1168 2393 tsi
1191 2333 1266 2392 enim

99 2421 238 2496 3peotus
260 2412 386 2496 linguam
410 2417 521 2495 praeire
544 2415 628 2476 debet
652 2419 681 2478 in
706 2413 880 2476 eelebrendis
903 2410 1127 2484 Dei-laudibus,
1155 2411 1287 2492 tagora·

136 2503 233 2554 umen
252 2495 362 2633 siqpum
382 2501 427 2555 est
445 2495 500 2556 nisi
519 2495 616 2576 lingna
634 2497 720 2555 etiam
740 2513 836 2555 comes
855 2493 981 2554 assedet.
1011 2491 1079 2551 01is
1094 2492 1268 2552 veosatum

134 2574 267 2634 meminit

135 2654 234 2714 landes
275 2671 328 2714 nee
346 2655 376 2713 in
396 2654 546 2714 hominum
565 2654 679 2714 auribus
698 2659 847 2728 monent,
871 2654 924 2712 nisi
944 2670 995 2712 uer
1013 2649 1150 2730 loquatur
1167 2665 1268 2725 eorum

136 2733 212 2794 Deo.
252 2673 376 2814 illosque
400 2751 438 2794 ex
462 2735 564 2794 intimo
588 2734 682 2794 sordis
706 2733 808 2793 affeetu
833 2733 958 2813 erumpit
981 2733 1012 2790 in
1031 2737 1178 2791 externam
1198 2749 1268 2790 eon·

134 2811 304 2872 ioedouem:
327 2814 412 2873 aienti
437 2819 554 2873 mutuae
577 2811 780 2874 aedificationis
802 2811 927 2872 studium
952 2809 1049 2870 fideles
1075 2809 1112 2870 ad
1130 2808 1188 2870 beu
1205 2807 1269 2870 offi-

138 2893 217 2952 oium
237 2891 383 2954 stimulare
402 2891 498 2953 debets
518 2893 625 2988 alioqui
643 2893 769 2973 legitimo
788 2889 897 2952 bonore
916 2876 1161 2952 iaiadaturDsas.
1200 2889 1269 2950 For·

138 2989 215 3032 mam
236 2972 523 3051 quoque¹gratiarum
542 2973 662 3033 annonis
681 2971 777 3052 ponit,
803 2970 882 3051 qaod
904 2980 1015 3032 uetuit
1033 2968 1115 3030 Deus
1135 2972 1178 3030 ed
1198 2971 1269 3030 detr-

138 3060 233 3112 teeam
246 3061 399 3132 pauperes.
440 3051 587 3133 signifieat
609 3058 714 3126 autem,
739 3070 798 3132 quo
816 3058 947 3132 tempore
969 3052 1048 3110 viam
1066 3053 1159 3111 iuerat
1177 3049 1269 3124 Deus,

138 3151 175 3191 eu
193 3133 325 3210 neglecto
348 3138 378 3192 et
396 3131 523 3205 deserto,
547 3131 649 3213 presul
666 3133 828 3206 memisse,
851 3149 964 3213 semper
982 3137 1078 3191 tamen
1096 3131 1183 3192 iubae
1201 3149 1268 3210 pre
1308 3183 1310 3192 s

137 3212 293 3292 pinquums
312 3217 348 3271 ut
385 3219 479 3272 raesto
498 3217 572 3271 esset
590 3209 626 3271 ad
635 3229 721 3291 opem
729 3211 900 3291 tempestive
918 3209 1068 3272 lesendam.
1098 3207 1172 3270 Nam
1193 3215 1270 3268 ueste

139 3295 248 3372 egestas
273 3296 304 3351 et
326 3308 342 3351 a
376 3291 441 3350 ‘otiu
462 3289 581 3350 Daridis
605 3291 728 3371 speeiem
753 3289 896 3371 quaedam
919 3286 1078 3384 reiectionis
1102 3287 1269 3383 praebebat:

138 3369 1271 3530 tffltttlttttltltt{ttttiltmttttstutin

206 2017 238 2092 it,
266 2024 300 2078 s'u
324 2025 408 2076 codas
430 2037 621 2114 mugetus-spu,
650 2017 697 2076 vel
725 2017 890 2076 multorum.
931 2013 1004 2076 Nam
1023 2019 1120 2084 Diffi
1145 2021 1268 2093 utroque

306 2573 382 2649 avid,
402 2576 469 2654 qnia
488 2575 545 2635 hoo
565 2573 904 2655 proeoniessosumebat,
923 2578 1051 2632 vaneset
1069 2571 1186 2632 imolas
1205 2588 1269 2632 ease
1391 2615 1396 2624 .

139 3525 246 3588 nonen
264 3529 367 3590 elarius
386 3527 529 3610 exprimit,
548 3547 580 3590 se
598 3547 617 3590 e
634 3531 779 3590 iudicibus
797 3537 914 3588 unimus
927 3549 999 3587 sune
1016 3535 1162 3586 amonium
1175 3527 1271 3607 fuisse
1383 3516 1386 3537 ’

139 3608 251 3681 dinem,
270 3599 373 3688 quibus
392 3609 502 3683 verbis,
531 3627 590 3671 uon
608 3607 697 3670 modo
716 3608 854 3690 signifieat
877 3625 943 3667 eum
962 3607 1164 3686 potentissimis
1182 3605 1271 3665 hesti-

139 3685 205 3763 bus‚
223 3707 326 3769 nempe
344 3687 423 3769 Rege
441 3691 506 3770 ipso
529 3695 559 3750 et
577 3687 742 3770 proceribus
760 3689 849 3768 regni,
869 3685 922 3746 sibi
941 3685 1028 3746 luisse
1046 3689 1201 3767 negotium,
1220 3681 1271 3742 sed

128 3766 356 3848 'illospotentia
378 3787 430 3830 saa
454 3767 577 3829 uonlisos
603 3767 739 3850 superbe,
768 3769 826 3828 sesi
850 3766 885 3826 de
909 3766 967 3827 rita
991 3767 1052 3826 eins
1072 3773 1167 3827 aetum
1185 3765 1271 3836 leret,

140 3851 277 3926 tanquam
296 3865 397 3908 sanem
415 3855 561 3908 mertuum
581 3849 730 3929 sprevisse.
767 3845 907 3927 Equidem
926 3864 991 3907 non
1016 3846 1114 3906 dubito
1134 3846 1205 3926 quin
1223 3843 1272 3904 hio

6 3925 10 3934 ’
139 3933 277 4005 queratur
296 3945 356 3986 nou
374 3927 461 3987 mode
480 3929 597 3988 meritis
616 3927 749 3993 bostium·
760 3926 1125 3997 semalevexatnmluiese,
1144 3924 1193 3984 sed
1205 3943 1271 4004 pro·

139 4004 199 4064 bris
222 4012 251 4065 et
275 4006 453 4074 coutumeliis
477 4007 652 4068 traduetums
681 4008 748 4089 qnia
771 4008 875 4068 seimus
899 4025 999 4068 eornm
1018 4006 1165 4086 iniquitate
1184 4003 1272 4063 luisse

140 4103 320 4167 oppressere,
340 4086 390 4168 qui
409 4086 546 4166 dignitate
563 4087 693 4170 praediti,
711 4086 814 4152 bitum
823 4087 917 4150 iudicii
931 4092 1111 4170 praetextum
1120 4082 1269 4146 iactabant.
1339 4136 1345 4153 ,
