<?xml version="1.0" encoding="UTF-8"?>
<!DOCTYPE html PUBLIC "-//W3C//DTD XHTML 1.0 Transitional//EN"
    "http://www.w3.org/TR/xhtml1/DTD/xhtml1-transitional.dtd">
<html xmlns="http://www.w3.org/1999/xhtml" xml:lang="en" lang="en">
 <head>
  <title>
</title>
<meta http-equiv="Content-Type" content="text/html;charset=utf-8" />
  <meta name='ocr-system' content='tesseract 3.04.00' />
  <meta name='ocr-capabilities' content='ocr_page ocr_carea ocr_par ocr_line ocrx_word'/>
</head>
<body>
  <div class='ocr_page' id='page_1' title='image "./ioanniscalvinii04tholgoog_0107.png"; bbox 0 0 2874 4888; ppageno 0'>
   <div class='ocr_carea' id='block_1_1' title="bbox 173 293 882 360">
    <p class='ocr_par' dir='ltr' id='par_1_1' title="bbox 173 293 882 360">
     <span class='ocr_line' id='line_1_1' title="bbox 173 293 882 360; baseline -0.004 -21"><span class='ocrx_word' id='word_1_1' title='bbox 173 301 211 360; x_wconf 70' lang='lat'><strong>90</strong></span> <span class='ocrx_word' id='word_1_2' title='bbox 466 309 474 320; x_wconf 82' lang='lat'><strong>·</strong></span> <span class='ocrx_word' id='word_1_3' title='bbox 596 293 882 338; x_wconf 80' lang='lat' dir='ltr'><strong>acaurruua</strong></span> 
     </span>
    </p>
   </div>
   <div class='ocr_carea' id='block_1_2' title="bbox 174 391 1317 824">
    <p class='ocr_par' dir='ltr' id='par_1_2' title="bbox 174 391 1317 824">
     <span class='ocr_line' id='line_1_2' title="bbox 174 391 1316 500; baseline -0.008 -15"><span class='ocrx_word' id='word_1_4' title='bbox 174 400 392 486; x_wconf 78' lang='lat' dir='ltr'><strong>accommodent</strong></span> <span class='ocrx_word' id='word_1_5' title='bbox 414 415 513 500; x_wconf 73' lang='lat' dir='ltr'><strong>¹delete·</strong></span> <span class='ocrx_word' id='word_1_6' title='bbox 537 415 616 498; x_wconf 80' lang='lat' dir='ltr'><strong>quod</strong></span> <span class='ocrx_word' id='word_1_7' title='bbox 642 422 727 478; x_wconf 86' lang='lat' dir='ltr'><strong>antee</strong></span> <span class='ocrx_word' id='word_1_8' title='bbox 750 414 913 478; x_wconf 71' lang='lat' dir='ltr'><strong>mtmeeent</strong></span> <span class='ocrx_word' id='word_1_9' title='bbox 933 413 971 478; x_wconf 90' lang='lat' dir='ltr'><strong>de</strong></span> <span class='ocrx_word' id='word_1_10' title='bbox 993 391 1199 498; x_wconf 59' lang='lat' dir='ltr'><strong>petnne&#39;etee</strong></span> <span class='ocrx_word' id='word_1_11' title='bbox 1223 413 1316 476; x_wconf 89' lang='lat' dir='ltr'><strong>indul·</strong></span> 
     </span>
     <span class='ocr_line' id='line_1_3' title="bbox 174 496 1317 595; baseline -0.007 -31"><span class='ocrx_word' id='word_1_12' title='bbox 174 503 267 586; x_wconf 74' lang='lat' dir='ltr'><strong>gentle</strong></span> <span class='ocrx_word' id='word_1_13' title='bbox 296 519 364 582; x_wconf 76' lang='lat' dir='ltr'><strong>erga</strong></span> <span class='ocrx_word' id='word_1_14' title='bbox 394 499 534 595; x_wconf 87' lang='lat' dir='ltr'><strong>populum</strong></span> <span class='ocrx_word' id='word_1_15' title='bbox 560 496 656 558; x_wconf 76' lang='lat' dir='ltr'><strong>reden</strong></span> <span class='ocrx_word' id='word_1_16' title='bbox 710 515 748 556; x_wconf 90' lang='lat' dir='ltr'><strong>m.</strong></span> <span class='ocrx_word' id='word_1_17' title='bbox 788 497 886 558; x_wconf 81' lang='lat' dir='ltr'><strong>Deum</strong></span> <span class='ocrx_word' id='word_1_18' title='bbox 905 503 1001 556; x_wconf 75' lang='lat' dir='ltr'><strong>cutm</strong></span> <span class='ocrx_word' id='word_1_19' title='bbox 1025 497 1270 568; x_wconf 72' lang='lat' dir='ltr'><strong>minitevoeent,</strong></span> <span class='ocrx_word' id='word_1_20' title='bbox 1298 515 1317 556; x_wconf 87' lang='lat' dir='ltr'><strong>a</strong></span> 
     </span>
     <span class='ocr_line' id='line_1_4' title="bbox 174 583 1316 738; baseline -0.01 -14"><span class='ocrx_word' id='word_1_21' title='bbox 174 663 249 724; x_wconf 88' lang='lat' dir='ltr'><strong>hanc</strong></span> <span class='ocrx_word' id='word_1_22' title='bbox 272 661 404 733; x_wconf 77' lang='lat' dir='ltr'><strong>luceant,</strong></span> <span class='ocrx_word' id='word_1_23' title='bbox 429 677 461 716; x_wconf 86' lang='lat' dir='ltr'><strong>ee</strong></span> <span class='ocrx_word' id='word_1_24' title='bbox 480 655 536 715; x_wconf 88' lang='lat' dir='ltr'><strong>Dei</strong></span> <span class='ocrx_word' id='word_1_25' title='bbox 551 657 666 716; x_wconf 58' lang='lat' dir='ltr'><strong>‘virtute</strong></span> <span class='ocrx_word' id='word_1_26' title='bbox 689 655 786 714; x_wconf 81' lang='lat' dir='ltr'><strong>ealroe</strong></span> <span class='ocrx_word' id='word_1_27' title='bbox 805 654 875 714; x_wconf 87' lang='lat' dir='ltr'><strong>lore.</strong></span> <span class='ocrx_word' id='word_1_28' title='bbox 888 704 902 738; x_wconf 42' lang='lat'><em>3</em></span> <span class='ocrx_word' id='word_1_29' title='bbox 915 653 989 717; x_wconf 87' lang='lat' dir='ltr'><strong>Nam</strong></span> <span class='ocrx_word' id='word_1_30' title='bbox 1009 657 1062 714; x_wconf 85' lang='lat' dir='ltr'><strong>etei</strong></span> <span class='ocrx_word' id='word_1_31' title='bbox 1082 583 1316 716; x_wconf 58' lang='lat' dir='ltr'><strong>rialblldmullddd</strong></span> 
     </span>
     <span class='ocr_line' id='line_1_5' title="bbox 174 734 1315 824; baseline -0.008 -21"><span class='ocrx_word' id='word_1_32' title='bbox 174 740 307 824; x_wconf 82' lang='lat' dir='ltr'><strong>operandi</strong></span> <span class='ocrx_word' id='word_1_33' title='bbox 327 739 473 809; x_wconf 83' lang='lat' dir='ltr'><strong>materiam</strong></span> <span class='ocrx_word' id='word_1_34' title='bbox 494 734 586 796; x_wconf 88' lang='lat' dir='ltr'><strong>oculie</strong></span> <span class='ocrx_word' id='word_1_35' title='bbox 607 735 711 794; x_wconf 83' lang='lat' dir='ltr'><strong>nostrie</strong></span> <span class='ocrx_word' id='word_1_36' title='bbox 730 753 789 794; x_wconf 90' lang='lat' dir='ltr'><strong>non</strong></span> <span class='ocrx_word' id='word_1_37' title='bbox 809 735 927 810; x_wconf 76' lang='lat' dir='ltr'><strong>offerat,</strong></span> <span class='ocrx_word' id='word_1_38' title='bbox 951 741 1076 794; x_wconf 87' lang='lat' dir='ltr'><strong>etetuerc</strong></span> <span class='ocrx_word' id='word_1_39' title='bbox 1094 741 1191 794; x_wconf 86' lang='lat' dir='ltr'><strong>tamen</strong></span> <span class='ocrx_word' id='word_1_40' title='bbox 1210 753 1315 794; x_wconf 81' lang='lat' dir='ltr'><strong>courc-</strong></span> 
     </span>
    </p>
   </div>
   <div class='ocr_carea' id='block_1_3' title="bbox 175 573 1130 664">
    <p class='ocr_par' dir='ltr' id='par_1_3' title="bbox 175 573 1130 664">
     <span class='ocr_line' id='line_1_6' title="bbox 175 573 1130 664; baseline -0.01 -20"><span class='ocrx_word' id='word_1_41' title='bbox 175 597 235 664; x_wconf 79' lang='lat' dir='ltr'><strong>qno</strong></span> <span class='ocrx_word' id='word_1_42' title='bbox 254 586 356 664; x_wconf 87' lang='lat' dir='ltr'><strong>petunt</strong></span> <span class='ocrx_word' id='word_1_43' title='bbox 375 577 498 646; x_wconf 77' lang='lat' dir='ltr'><strong>restitui.</strong></span> <span class='ocrx_word' id='word_1_44' title='bbox 522 577 603 636; x_wconf 90' lang='lat' dir='ltr'><strong>utin</strong></span> <span class='ocrx_word' id='word_1_45' title='bbox 624 596 654 636; x_wconf 93' lang='lat' dir='ltr'><strong>re</strong></span> <span class='ocrx_word' id='word_1_46' title='bbox 676 595 709 635; x_wconf 81' lang='lat' dir='ltr'><strong>ua</strong></span> <span class='ocrx_word' id='word_1_47' title='bbox 728 573 891 656; x_wconf 71' lang='lat' dir='ltr'><strong>deploratis,</strong></span> <span class='ocrx_word' id='word_1_48' title='bbox 910 594 946 635; x_wconf 92' lang='lat' dir='ltr'><strong>ac</strong></span> <span class='ocrx_word' id='word_1_49' title='bbox 965 575 1097 656; x_wconf 78' lang='lat' dir='ltr'><strong>perditis,</strong></span> <span class='ocrx_word' id='word_1_50' title='bbox 1117 596 1130 635; x_wconf 89' lang='lat' dir='ltr'><strong>e</strong></span> 
     </span>
    </p>
   </div>
   <div class='ocr_carea' id='block_1_4' title="bbox 174 813 1386 895">
    <p class='ocr_par' dir='ltr' id='par_1_4' title="bbox 174 813 1386 895">
     <span class='ocr_line' id='line_1_7' title="bbox 174 813 1386 895; baseline -0.012 -13"><span class='ocrx_word' id='word_1_51' title='bbox 174 825 226 895; x_wconf 73' lang='lat' dir='ltr'><strong>nir,</strong></span> <span class='ocrx_word' id='word_1_52' title='bbox 246 821 367 880; x_wconf 83' lang='lat' dir='ltr'><strong>calutum</strong></span> <span class='ocrx_word' id='word_1_53' title='bbox 386 817 416 876; x_wconf 92' lang='lat' dir='ltr'><strong>iu</strong></span> <span class='ocrx_word' id='word_1_54' title='bbox 436 833 525 884; x_wconf 75' lang='lat' dir='ltr'><strong>uranu</strong></span> <span class='ocrx_word' id='word_1_55' title='bbox 543 816 620 888; x_wconf 84' lang='lat' dir='ltr'><strong>ciue,</strong></span> <span class='ocrx_word' id='word_1_56' title='bbox 639 833 702 874; x_wconf 85' lang='lat' dir='ltr'><strong>ecee</strong></span> <span class='ocrx_word' id='word_1_57' title='bbox 721 813 931 889; x_wconf 69' lang='lat' dir='ltr'><strong>absconditam,</strong></span> <span class='ocrx_word' id='word_1_58' title='bbox 951 821 982 878; x_wconf 90' lang='lat' dir='ltr'><strong>ct</strong></span> <span class='ocrx_word' id='word_1_59' title='bbox 1000 815 1061 876; x_wconf 84' lang='lat' dir='ltr'><strong>eiua</strong></span> <span class='ocrx_word' id='word_1_60' title='bbox 1077 813 1317 887; x_wconf 69' lang='lat' dir='ltr'><strong>manifestandae,</strong></span> <span class='ocrx_word' id='word_1_61' title='bbox 1374 857 1386 868; x_wconf 78' lang='grc'>,</span> 
     </span>
    </p>
   </div>
   <div class='ocr_carea' id='block_1_5' title="bbox 175 893 1317 1437">
    <p class='ocr_par' dir='ltr' id='par_1_5' title="bbox 175 893 1317 1437">
     <span class='ocr_line' id='line_1_8' title="bbox 176 893 1314 982; baseline -0.008 -21"><span class='ocrx_word' id='word_1_62' title='bbox 176 901 290 982; x_wconf 75' lang='lat' dir='ltr'><strong>quoties</strong></span> <span class='ocrx_word' id='word_1_63' title='bbox 308 897 456 978; x_wconf 72' lang='lat' dir='ltr'>placuerit,</span> <span class='ocrx_word' id='word_1_64' title='bbox 476 900 642 976; x_wconf 87' lang='lat' dir='ltr'><strong>promptum</strong></span> <span class='ocrx_word' id='word_1_65' title='bbox 661 899 691 953; x_wconf 85' lang='lat' dir='ltr'><strong>et</strong></span> <span class='ocrx_word' id='word_1_66' title='bbox 709 893 874 974; x_wconf 76' lang='lat' dir='ltr'><strong>expeditum</strong></span> <span class='ocrx_word' id='word_1_67' title='bbox 893 913 956 954; x_wconf 87' lang='lat' dir='ltr'><strong>cece</strong></span> <span class='ocrx_word' id='word_1_68' title='bbox 975 893 1103 962; x_wconf 86' lang='lat' dir='ltr'><strong>modum.</strong></span> <span class='ocrx_word' id='word_1_69' title='bbox 1144 893 1220 972; x_wconf 74' lang='lat' dir='ltr'><strong>Quia</strong></span> <span class='ocrx_word' id='word_1_70' title='bbox 1240 911 1314 958; x_wconf 81' lang='lat' dir='ltr'><strong>vero</strong></span> 
     </span>
     <span class='ocr_line' id='line_1_9' title="bbox 175 972 1316 1053; baseline -0.009 -11"><span class='ocrx_word' id='word_1_71' title='bbox 175 980 368 1042; x_wconf 73' lang='lat' dir='ltr'><strong>calamitatum</strong></span> <span class='ocrx_word' id='word_1_72' title='bbox 391 975 521 1035; x_wconf 88' lang='lat' dir='ltr'><strong>omnium</strong></span> <span class='ocrx_word' id='word_1_73' title='bbox 545 991 631 1034; x_wconf 82' lang='lat' dir='ltr'><strong>caure</strong></span> <span class='ocrx_word' id='word_1_74' title='bbox 651 978 680 1033; x_wconf 92' lang='lat' dir='ltr'><strong>et</strong></span> <span class='ocrx_word' id='word_1_75' title='bbox 699 973 780 1053; x_wconf 73' lang='lat' dir='ltr'><strong>origo</strong></span> <span class='ocrx_word' id='word_1_76' title='bbox 799 979 843 1033; x_wconf 82' lang='lat' dir='ltr'><strong>cet</strong></span> <span class='ocrx_word' id='word_1_77' title='bbox 860 975 903 1033; x_wconf 86' lang='lat' dir='ltr'><strong>ire</strong></span> <span class='ocrx_word' id='word_1_78' title='bbox 922 972 993 1047; x_wconf 86' lang='lat' dir='ltr'><strong>Dei,</strong></span> <span class='ocrx_word' id='word_1_79' title='bbox 1017 991 1080 1034; x_wconf 81' lang='lat' dir='ltr'><strong>eam</strong></span> <span class='ocrx_word' id='word_1_80' title='bbox 1100 992 1179 1034; x_wconf 90' lang='lat' dir='ltr'><strong>nuno</strong></span> <span class='ocrx_word' id='word_1_81' title='bbox 1197 990 1316 1052; x_wconf 87' lang='lat' dir='ltr'><strong>qunque</strong></span> 
     </span>
     <span class='ocr_line' id='line_1_10' title="bbox 177 1051 1317 1140; baseline -0.005 -22"><span class='ocrx_word' id='word_1_82' title='bbox 177 1059 364 1140; x_wconf 69' lang='lat' dir='ltr'><strong>deprecantur</strong></span> <span class='ocrx_word' id='word_1_83' title='bbox 388 1053 495 1120; x_wconf 76' lang='lat' dir='ltr'><strong>fideles.</strong></span> <span class='ocrx_word' id='word_1_84' title='bbox 535 1051 633 1134; x_wconf 80' lang='lat' dir='ltr'><strong>Atque</strong></span> <span class='ocrx_word' id='word_1_85' title='bbox 658 1051 705 1112; x_wconf 86' lang='lat' dir='ltr'><strong>bic</strong></span> <span class='ocrx_word' id='word_1_86' title='bbox 724 1053 795 1115; x_wconf 84' lang='lat' dir='ltr'><strong>ordo</strong></span> <span class='ocrx_word' id='word_1_87' title='bbox 814 1053 915 1114; x_wconf 85' lang='lat' dir='ltr'><strong>cadulo</strong></span> <span class='ocrx_word' id='word_1_88' title='bbox 933 1054 1075 1114; x_wconf 73' lang='lat' dir='ltr'><strong>notandus</strong></span> <span class='ocrx_word' id='word_1_89' title='bbox 1094 1059 1152 1126; x_wconf 84' lang='lat' dir='ltr'><strong>eet,</strong></span> <span class='ocrx_word' id='word_1_90' title='bbox 1176 1053 1258 1132; x_wconf 84' lang='lat' dir='ltr'><strong>quia,</strong></span> <span class='ocrx_word' id='word_1_91' title='bbox 1283 1057 1317 1112; x_wconf 90' lang='lat' dir='ltr'><strong>ut</strong></span> 
     </span>
     <span class='ocr_line' id='line_1_11' title="bbox 176 1129 1316 1213; baseline -0.007 -14"><span class='ocrx_word' id='word_1_92' title='bbox 176 1141 267 1200; x_wconf 88' lang='lat' dir='ltr'><strong>tenori</strong></span> <span class='ocrx_word' id='word_1_93' title='bbox 291 1153 398 1200; x_wconf 76' lang='lat' dir='ltr'><strong>eumue</strong></span> <span class='ocrx_word' id='word_1_94' title='bbox 414 1153 451 1193; x_wconf 90' lang='lat' dir='ltr'><strong>au</strong></span> <span class='ocrx_word' id='word_1_95' title='bbox 474 1131 577 1193; x_wconf 79' lang='lat' dir='ltr'><strong>moder</strong></span> <span class='ocrx_word' id='word_1_96' title='bbox 602 1132 637 1193; x_wconf 82' lang='lat' dir='ltr'><strong>ad</strong></span> <span class='ocrx_word' id='word_1_97' title='bbox 658 1130 773 1192; x_wconf 82' lang='lat' dir='ltr'><strong>terenda</strong></span> <span class='ocrx_word' id='word_1_98' title='bbox 792 1133 882 1207; x_wconf 86' lang='lat' dir='ltr'><strong>mela,</strong></span> <span class='ocrx_word' id='word_1_99' title='bbox 900 1133 1022 1194; x_wconf 80' lang='lat' dir='ltr'><strong>rimulae</strong></span> <span class='ocrx_word' id='word_1_100' title='bbox 1039 1133 1158 1192; x_wconf 85' lang='lat' dir='ltr'><strong>minimo</strong></span> <span class='ocrx_word' id='word_1_101' title='bbox 1177 1129 1316 1213; x_wconf 70' lang='lat' dir='ltr'><strong>digitulo</strong></span> 
     </span>
     <span class='ocr_line' id='line_1_12' title="bbox 175 1210 1316 1294; baseline -0.01 -15"><span class='ocrx_word' id='word_1_102' title='bbox 175 1221 231 1279; x_wconf 79' lang='lat' dir='ltr'><strong>rire</strong></span> <span class='ocrx_word' id='word_1_103' title='bbox 255 1235 309 1276; x_wconf 87' lang='lat' dir='ltr'><strong>une</strong></span> <span class='ocrx_word' id='word_1_104' title='bbox 333 1215 459 1294; x_wconf 90' lang='lat' dir='ltr'><strong>coeperit</strong></span> <span class='ocrx_word' id='word_1_105' title='bbox 477 1211 578 1290; x_wconf 82' lang='lat' dir='ltr'><strong>Deua²</strong></span> <span class='ocrx_word' id='word_1_106' title='bbox 601 1210 732 1272; x_wconf 87' lang='lat' dir='ltr'><strong>debiliter</strong></span> <span class='ocrx_word' id='word_1_107' title='bbox 756 1212 871 1292; x_wconf 73' lang='lat' dir='ltr'><strong>quidem</strong></span> <span class='ocrx_word' id='word_1_108' title='bbox 896 1215 1019 1294; x_wconf 80' lang='lat' dir='ltr'><strong>petimur</strong></span> <span class='ocrx_word' id='word_1_109' title='bbox 1046 1219 1079 1275; x_wconf 84' lang='lat' dir='ltr'><strong>ut</strong></span> <span class='ocrx_word' id='word_1_110' title='bbox 1100 1211 1182 1272; x_wconf 84' lang='lat' dir='ltr'><strong>nobie</strong></span> <span class='ocrx_word' id='word_1_111' title='bbox 1202 1218 1316 1292; x_wconf 87' lang='lat' dir='ltr'><strong>parcat:</strong></span> 
     </span>
     <span class='ocr_line' id='line_1_13' title="bbox 177 1289 1317 1377; baseline -0.005 -21"><span class='ocrx_word' id='word_1_112' title='bbox 177 1297 226 1356; x_wconf 84' lang='lat' dir='ltr'><strong>ced</strong></span> <span class='ocrx_word' id='word_1_113' title='bbox 253 1293 332 1374; x_wconf 84' lang='lat' dir='ltr'><strong>quod</strong></span> <span class='ocrx_word' id='word_1_114' title='bbox 355 1293 541 1374; x_wconf 85' lang='lat' dir='ltr'><strong>praecipuum</strong></span> <span class='ocrx_word' id='word_1_115' title='bbox 561 1297 605 1351; x_wconf 88' lang='lat' dir='ltr'><strong>eet</strong></span> <span class='ocrx_word' id='word_1_116' title='bbox 624 1291 796 1364; x_wconf 76' lang='lat' dir='ltr'><strong>emittimur,</strong></span> <span class='ocrx_word' id='word_1_117' title='bbox 819 1297 853 1352; x_wconf 91' lang='lat' dir='ltr'><strong>nt</strong></span> <span class='ocrx_word' id='word_1_118' title='bbox 871 1311 926 1352; x_wconf 86' lang='lat' dir='ltr'><strong>noe</strong></span> <span class='ocrx_word' id='word_1_119' title='bbox 945 1297 1063 1352; x_wconf 75' lang='lat' dir='ltr'><strong>creatu</strong></span> <span class='ocrx_word' id='word_1_120' title='bbox 1081 1289 1223 1352; x_wconf 78' lang='lat' dir='ltr'><strong>ebrolvate</strong></span> <span class='ocrx_word' id='word_1_121' title='bbox 1244 1291 1317 1377; x_wconf 72' lang='lat' dir='ltr'><strong>puin</strong></span> 
     </span>
     <span class='ocr_line' id='line_1_14' title="bbox 178 1369 956 1437; baseline -0.004 -2"><span class='ocrx_word' id='word_1_122' title='bbox 178 1396 237 1437; x_wconf 89' lang='lat' dir='ltr'><strong>non</strong></span> <span class='ocrx_word' id='word_1_123' title='bbox 257 1375 377 1434; x_wconf 85' lang='lat' dir='ltr'><strong>libenter</strong></span> <span class='ocrx_word' id='word_1_124' title='bbox 394 1371 433 1432; x_wconf 87' lang='lat' dir='ltr'><strong>ed</strong></span> <span class='ocrx_word' id='word_1_125' title='bbox 450 1389 504 1432; x_wconf 85' lang='lat' dir='ltr'><strong>noe</strong></span> <span class='ocrx_word' id='word_1_126' title='bbox 524 1370 730 1432; x_wconf 81' lang='lat' dir='ltr'><strong>examinandae</strong></span> <span class='ocrx_word' id='word_1_127' title='bbox 750 1369 956 1432; x_wconf 85' lang='lat' dir='ltr'><strong>deeeendimuc.</strong></span> 
     </span>
    </p>
   </div>
   <div class='ocr_carea' id='block_1_6' title="bbox 179 1523 1319 2042">
    <p class='ocr_par' dir='ltr' id='par_1_6' title="bbox 179 1523 1319 2042">
     <span class='ocr_line' id='line_1_15' title="bbox 266 1523 1317 1620; baseline -0.004 -24"><span class='ocrx_word' id='word_1_128' title='bbox 266 1529 298 1597; x_wconf 90' lang='lat'><strong>6.</strong></span> <span class='ocrx_word' id='word_1_129' title='bbox 321 1526 373 1595; x_wconf 80' lang='lat' dir='ltr'><strong>An</strong></span> <span class='ocrx_word' id='word_1_130' title='bbox 399 1537 554 1620; x_wconf 87' lang='lat' dir='ltr'><strong>perpetuo</strong></span> <span class='ocrx_word' id='word_1_131' title='bbox 576 1525 719 1594; x_wconf 85' lang='lat' dir='ltr'><strong>irrecerie</strong></span> <span class='ocrx_word' id='word_1_132' title='bbox 740 1549 814 1618; x_wconf 78' lang='lat' dir='ltr'><strong>erga</strong></span> <span class='ocrx_word' id='word_1_133' title='bbox 835 1526 916 1594; x_wconf 79' lang='lat' dir='ltr'><strong>noa?</strong></span> <span class='ocrx_word' id='word_1_134' title='bbox 942 1523 1106 1618; x_wconf 79' lang='lat' dir='ltr'><strong>protrahar</strong></span> <span class='ocrx_word' id='word_1_135' title='bbox 1127 1523 1207 1592; x_wconf 86' lang='lat' dir='ltr'><strong>iram</strong></span> <span class='ocrx_word' id='word_1_136' title='bbox 1227 1533 1317 1592; x_wconf 80' lang='lat' dir='ltr'><strong>tuem</strong></span> 
     </span>
     <span class='ocr_line' id='line_1_16' title="bbox 179 1629 1316 1706; baseline -0.009 -1"><span class='ocrx_word' id='word_1_137' title='bbox 179 1635 213 1706; x_wconf 88' lang='lat' dir='ltr'><strong>in</strong></span> <span class='ocrx_word' id='word_1_138' title='bbox 240 1631 383 1702; x_wconf 77' lang='lat' dir='ltr'><strong>secudum</strong></span> <span class='ocrx_word' id='word_1_139' title='bbox 409 1643 442 1700; x_wconf 91' lang='lat' dir='ltr'><strong>et</strong></span> <span class='ocrx_word' id='word_1_140' title='bbox 459 1631 634 1700; x_wconf 79' lang='lat' dir='ltr'><strong>&#39;seculuml</strong></span> <span class='ocrx_word' id='word_1_141' title='bbox 677 1631 717 1698; x_wconf 88' lang='grc'><strong>7.·</strong></span> <span class='ocrx_word' id='word_1_142' title='bbox 730 1630 849 1698; x_wconf 83' lang='grc' dir='ltr'>Αιιιιοιι</span> <span class='ocrx_word' id='word_1_143' title='bbox 875 1641 913 1699; x_wconf 91' lang='lat' dir='ltr'><strong>tu</strong></span> <span class='ocrx_word' id='word_1_144' title='bbox 941 1652 1116 1702; x_wconf 79' lang='lat' dir='ltr'><strong>conversus</strong></span> <span class='ocrx_word' id='word_1_145' title='bbox 1144 1629 1316 1698; x_wconf 75' lang='lat' dir='ltr'><strong>vivificabis</strong></span> 
     </span>
     <span class='ocr_line' id='line_1_17' title="bbox 179 1731 1319 1830; baseline -0.007 -20"><span class='ocrx_word' id='word_1_146' title='bbox 179 1763 256 1822; x_wconf 83' lang='lat' dir='ltr'><strong>noe,</strong></span> <span class='ocrx_word' id='word_1_147' title='bbox 282 1749 315 1810; x_wconf 85' lang='lat' dir='ltr'><strong>et</strong></span> <span class='ocrx_word' id='word_1_148' title='bbox 340 1735 480 1830; x_wconf 84' lang='lat' dir='ltr'><strong>populus</strong></span> <span class='ocrx_word' id='word_1_149' title='bbox 506 1748 582 1806; x_wconf 82' lang='lat' dir='ltr'><strong>tuuc</strong></span> <span class='ocrx_word' id='word_1_150' title='bbox 608 1733 772 1806; x_wconf 89' lang='lat' dir='ltr'><strong>laetabitur</strong></span> <span class='ocrx_word' id='word_1_151' title='bbox 792 1738 825 1806; x_wconf 91' lang='lat' dir='ltr'><strong>in</strong></span> <span class='ocrx_word' id='word_1_152' title='bbox 847 1737 901 1808; x_wconf 79' lang='lat' dir='ltr'><strong>tel</strong></span> <span class='ocrx_word' id='word_1_153' title='bbox 919 1739 928 1762; x_wconf 82' lang='lat'>⁸</span> <span class='ocrx_word' id='word_1_154' title='bbox 944 1739 975 1806; x_wconf 89' lang='lat'><strong>8.</strong></span> <span class='ocrx_word' id='word_1_155' title='bbox 999 1735 1138 1806; x_wconf 80' lang='lat' dir='ltr'><strong>Ostende</strong></span> <span class='ocrx_word' id='word_1_156' title='bbox 1160 1733 1253 1804; x_wconf 80' lang='lat' dir='ltr'><strong>nobis</strong></span> <span class='ocrx_word' id='word_1_157' title='bbox 1273 1731 1319 1802; x_wconf 88' lang='lat' dir='ltr'><strong>le·</strong></span> 
     </span>
     <span class='ocr_line' id='line_1_18' title="bbox 180 1838 1318 1928; baseline -0.005 -14"><span class='ocrx_word' id='word_1_158' title='bbox 180 1845 266 1914; x_wconf 86' lang='lat' dir='ltr'><strong>hova</strong></span> <span class='ocrx_word' id='word_1_159' title='bbox 287 1843 534 1911; x_wconf 80' lang='lat' dir='ltr'><strong>misericordiam</strong></span> <span class='ocrx_word' id='word_1_160' title='bbox 554 1853 659 1928; x_wconf 80' lang='lat' dir='ltr'><strong>tumn,</strong></span> <span class='ocrx_word' id='word_1_161' title='bbox 681 1853 715 1912; x_wconf 87' lang='lat' dir='ltr'><strong>et</strong></span> <span class='ocrx_word' id='word_1_162' title='bbox 735 1842 869 1928; x_wconf 58' lang='lat' dir='ltr'><strong>alutem</strong></span> <span class='ocrx_word' id='word_1_163' title='bbox 891 1853 981 1911; x_wconf 85' lang='lat' dir='ltr'><strong>tuam</strong></span> <span class='ocrx_word' id='word_1_164' title='bbox 1002 1845 1042 1912; x_wconf 87' lang='lat' dir='ltr'><strong>da</strong></span> <span class='ocrx_word' id='word_1_165' title='bbox 1063 1843 1166 1910; x_wconf 84' lang='lat' dir='ltr'><strong>nobie.</strong></span> <span class='ocrx_word' id='word_1_166' title='bbox 1199 1841 1232 1908; x_wconf 88' lang='grc'><strong>9.</strong></span> <span class='ocrx_word' id='word_1_167' title='bbox 1254 1838 1318 1908; x_wconf 89' lang='grc' dir='ltr'>Αιι-</span> 
     </span>
     <span class='ocr_line' id='line_1_19' title="bbox 181 1943 1318 2042; baseline -0.009 -22"><span class='ocrx_word' id='word_1_168' title='bbox 181 1951 265 2020; x_wconf 87' lang='lat' dir='ltr'><strong>diam</strong></span> <span class='ocrx_word' id='word_1_169' title='bbox 293 1947 369 2042; x_wconf 87' lang='lat' dir='ltr'><strong>qnid</strong></span> <span class='ocrx_word' id='word_1_170' title='bbox 395 1947 544 2040; x_wconf 86' lang='lat' dir='ltr'><strong>loquatur</strong></span> <span class='ocrx_word' id='word_1_171' title='bbox 569 1946 661 2016; x_wconf 87' lang='lat' dir='ltr'><strong>Deua</strong></span> <span class='ocrx_word' id='word_1_172' title='bbox 691 1947 823 2016; x_wconf 80' lang='lat' dir='ltr'><strong>lehova:</strong></span> <span class='ocrx_word' id='word_1_173' title='bbox 850 1961 935 2018; x_wconf 87' lang='lat' dir='ltr'><strong>certe</strong></span> <span class='ocrx_word' id='word_1_174' title='bbox 961 1949 1110 2042; x_wconf 82' lang='lat' dir='ltr'><strong>loquetur</strong></span> <span class='ocrx_word' id='word_1_175' title='bbox 1136 1969 1248 2040; x_wconf 87' lang='lat' dir='ltr'><strong>pacem</strong></span> <span class='ocrx_word' id='word_1_176' title='bbox 1276 1943 1318 2011; x_wconf 87' lang='lat' dir='ltr'><strong>ad</strong></span> 
     </span>
    </p>
   </div>
   <div class='ocr_carea' id='block_1_7' title="bbox 181 2049 1368 2150">
    <p class='ocr_par' dir='ltr' id='par_1_7' title="bbox 181 2049 1368 2150">
     <span class='ocr_line' id='line_1_20' title="bbox 181 2049 1368 2150; baseline -0.008 -24"><span class='ocrx_word' id='word_1_177' title='bbox 181 2055 339 2150; x_wconf 90' lang='lat' dir='ltr'><strong>populum</strong></span> <span class='ocrx_word' id='word_1_178' title='bbox 365 2076 476 2137; x_wconf 87' lang='lat' dir='ltr'><strong>enum,</strong></span> <span class='ocrx_word' id='word_1_179' title='bbox 502 2063 536 2122; x_wconf 87' lang='lat' dir='ltr'><strong>et</strong></span> <span class='ocrx_word' id='word_1_180' title='bbox 562 2053 603 2122; x_wconf 92' lang='lat' dir='ltr'><strong>ed</strong></span> <span class='ocrx_word' id='word_1_181' title='bbox 629 2065 813 2126; x_wconf 75' lang='lat' dir='ltr'><strong>mansuetos</strong></span> <span class='ocrx_word' id='word_1_182' title='bbox 841 2077 936 2144; x_wconf 86' lang='lat' dir='ltr'><strong>euna,</strong></span> <span class='ocrx_word' id='word_1_183' title='bbox 964 2067 997 2126; x_wconf 90' lang='lat' dir='ltr'><strong>et</strong></span> <span class='ocrx_word' id='word_1_184' title='bbox 1023 2079 1089 2124; x_wconf 90' lang='lat' dir='ltr'><strong>non</strong></span> <span class='ocrx_word' id='word_1_185' title='bbox 1111 2053 1255 2124; x_wconf 88' lang='lat' dir='ltr'><strong>redibunt</strong></span> <span class='ocrx_word' id='word_1_186' title='bbox 1277 2049 1318 2118; x_wconf 86' lang='lat' dir='ltr'><strong>ad</strong></span> <span class='ocrx_word' id='word_1_187' title='bbox 1360 2053 1368 2070; x_wconf 91' lang='grc'><strong>“</strong></span> 
     </span>
    </p>
   </div>
   <div class='ocr_carea' id='block_1_8' title="bbox 182 2161 439 2252">
    <p class='ocr_par' dir='ltr' id='par_1_8' title="bbox 182 2161 439 2252">
     <span class='ocr_line' id='line_1_21' title="bbox 182 2161 439 2252; baseline -0.023 -20"><span class='ocrx_word' id='word_1_188' title='bbox 182 2161 357 2232; x_wconf 75' lang='lat' dir='ltr'><strong>stultitiam.</strong></span> <span class='ocrx_word' id='word_1_189' title='bbox 437 2238 439 2252; x_wconf 87' lang='lat'><strong>.</strong></span> 
     </span>
    </p>
   </div>
   <div class='ocr_carea' id='block_1_9' title="bbox 264 2265 1433 2387">
    <p class='ocr_par' dir='ltr' id='par_1_9' title="bbox 264 2265 1433 2387">
     <span class='ocr_line' id='line_1_22' title="bbox 264 2265 1433 2387; baseline -0.006 -19"><span class='ocrx_word' id='word_1_190' title='bbox 264 2307 292 2368; x_wconf 90' lang='lat' dir='ltr'><strong>o.</strong></span> <span class='ocrx_word' id='word_1_191' title='bbox 331 2307 385 2368; x_wconf 77' lang='lat' dir='ltr'><strong>Ae</strong></span> <span class='ocrx_word' id='word_1_192' title='bbox 407 2265 558 2387; x_wconf 74' lang='lat' dir='ltr'><strong>plrpuuo.</strong></span> <span class='ocrx_word' id='word_1_193' title='bbox 596 2299 758 2386; x_wconf 88' lang='lat' dir='ltr'><strong>Deplorant</strong></span> <span class='ocrx_word' id='word_1_194' title='bbox 781 2301 838 2366; x_wconf 93' lang='lat' dir='ltr'><strong>buc</strong></span> <span class='ocrx_word' id='word_1_195' title='bbox 860 2304 926 2367; x_wconf 90' lang='lat' dir='ltr'><strong>loco</strong></span> <span class='ocrx_word' id='word_1_196' title='bbox 946 2291 1086 2367; x_wconf 76' lang='lat' dir='ltr'><strong>maiolum</strong></span> <span class='ocrx_word' id='word_1_197' title='bbox 1106 2275 1320 2366; x_wconf 76' lang='lat' dir='ltr'><strong>diuturnitatem</strong></span> <span class='ocrx_word' id='word_1_198' title='bbox 1432 2303 1433 2310; x_wconf 76' lang='grc'>’</span> 
     </span>
    </p>
   </div>
   <div class='ocr_carea' id='block_1_10' title="bbox 84 2381 1330 3736">
    <p class='ocr_par' dir='ltr' id='par_1_10' title="bbox 183 2381 1320 2616">
     <span class='ocr_line' id='line_1_23' title="bbox 183 2381 1320 2466; baseline -0.001 -23"><span class='ocrx_word' id='word_1_199' title='bbox 183 2391 215 2448; x_wconf 89' lang='lat' dir='ltr'><strong>et</strong></span> <span class='ocrx_word' id='word_1_200' title='bbox 232 2384 437 2452; x_wconf 79' lang='lat' dir='ltr'><strong>ratiocinantur</strong></span> <span class='ocrx_word' id='word_1_201' title='bbox 456 2403 473 2444; x_wconf 85' lang='lat' dir='ltr'><strong>a</strong></span> <span class='ocrx_word' id='word_1_202' title='bbox 492 2381 669 2458; x_wconf 88' lang='lat' dir='ltr'><strong>nuturaDei‚</strong></span> <span class='ocrx_word' id='word_1_203' title='bbox 689 2385 779 2464; x_wconf 84' lang='lat' dir='ltr'><strong>qualia</strong></span> <span class='ocrx_word' id='word_1_204' title='bbox 799 2381 915 2466; x_wconf 72' lang='lat' dir='ltr'><strong>iuLege</strong></span> <span class='ocrx_word' id='word_1_205' title='bbox 934 2385 1108 2450; x_wconf 72' lang='lat' dir='ltr'><strong>describitur.</strong></span> <span class='ocrx_word' id='word_1_206' title='bbox 1128 2381 1320 2464; x_wconf 88' lang='lat' dir='ltr'><strong>nempeqnod</strong></span> 
     </span>
     <span class='ocr_line' id='line_1_24' title="bbox 184 2461 1320 2550; baseline -0.004 -23"><span class='ocrx_word' id='word_1_207' title='bbox 184 2465 283 2528; x_wconf 86' lang='lat' dir='ltr'><strong>tardua</strong></span> <span class='ocrx_word' id='word_1_208' title='bbox 303 2464 340 2523; x_wconf 90' lang='lat' dir='ltr'><strong>eit</strong></span> <span class='ocrx_word' id='word_1_209' title='bbox 358 2463 395 2524; x_wconf 88' lang='lat' dir='ltr'><strong>ad</strong></span> <span class='ocrx_word' id='word_1_210' title='bbox 414 2464 495 2538; x_wconf 79' lang='lat' dir='ltr'><strong>iram,</strong></span> <span class='ocrx_word' id='word_1_211' title='bbox 515 2463 674 2550; x_wconf 70' lang='lat' dir='ltr'><strong>longaeque</strong></span> <span class='ocrx_word' id='word_1_212' title='bbox 691 2465 853 2545; x_wconf 85' lang='lat' dir='ltr'><strong>patientiae,</strong></span> <span class='ocrx_word' id='word_1_213' title='bbox 871 2465 907 2525; x_wconf 92' lang='lat' dir='ltr'><strong>ad</strong></span> <span class='ocrx_word' id='word_1_214' title='bbox 928 2468 1039 2526; x_wconf 89' lang='lat' dir='ltr'><strong>venium</strong></span> <span class='ocrx_word' id='word_1_215' title='bbox 1059 2482 1218 2546; x_wconf 75' lang='lat' dir='ltr'><strong>propenens</strong></span> <span class='ocrx_word' id='word_1_216' title='bbox 1236 2470 1267 2522; x_wconf 90' lang='lat' dir='ltr'><strong>et</strong></span> <span class='ocrx_word' id='word_1_217' title='bbox 1278 2461 1320 2522; x_wconf 87' lang='lat' dir='ltr'><strong>ia·</strong></span> 
     </span>
     <span class='ocr_line' id='line_1_25' title="bbox 186 2541 1320 2616; baseline -0.002 -10"><span class='ocrx_word' id='word_1_218' title='bbox 186 2545 261 2606; x_wconf 77' lang='lat' dir='ltr'><strong>ciliae</strong></span> <span class='ocrx_word' id='word_1_219' title='bbox 284 2541 368 2604; x_wconf 82' lang='lat' dir='ltr'><strong>ciculi</strong></span> <span class='ocrx_word' id='word_1_220' title='bbox 386 2544 473 2602; x_wconf 88' lang='lat' dir='ltr'><strong>etiem</strong></span> <span class='ocrx_word' id='word_1_221' title='bbox 492 2543 558 2604; x_wconf 90' lang='lat' dir='ltr'><strong>alibi</strong></span> <span class='ocrx_word' id='word_1_222' title='bbox 578 2543 709 2615; x_wconf 68' lang='lat' dir='ltr'><strong>vidimus,</strong></span> <span class='ocrx_word' id='word_1_223' title='bbox 729 2542 803 2604; x_wconf 86' lang='lat' dir='ltr'><strong>lram</strong></span> <span class='ocrx_word' id='word_1_224' title='bbox 824 2546 885 2604; x_wconf 86' lang='lat' dir='ltr'><strong>elue</strong></span> <span class='ocrx_word' id='word_1_225' title='bbox 904 2552 1050 2606; x_wconf 88' lang='lat' dir='ltr'><strong>momento</strong></span> <span class='ocrx_word' id='word_1_226' title='bbox 1071 2561 1248 2616; x_wconf 78' lang='lat' dir='ltr'><strong>evanescere,</strong></span> <span class='ocrx_word' id='word_1_227' title='bbox 1267 2541 1320 2604; x_wconf 85' lang='lat' dir='ltr'><strong>mi·</strong></span> 
     </span>
    </p>

    <p class='ocr_par' dir='ltr' id='par_1_11' title="bbox 84 2619 1324 3182">
     <span class='ocr_line' id='line_1_26' title="bbox 157 2619 1319 2704; baseline -0.005 -18"><span class='ocrx_word' id='word_1_228' title='bbox 157 2645 160 2654; x_wconf 68' lang='lat'><strong>¹</strong></span> <span class='ocrx_word' id='word_1_229' title='bbox 186 2621 368 2686; x_wconf 73' lang='lat' dir='ltr'><strong>eedeurdiam</strong></span> <span class='ocrx_word' id='word_1_230' title='bbox 387 2621 489 2682; x_wconf 89' lang='lat' dir='ltr'><strong>durare</strong></span> <span class='ocrx_word' id='word_1_231' title='bbox 507 2629 656 2702; x_wconf 86' lang='lat' dir='ltr'><strong>perpetuo,</strong></span> <span class='ocrx_word' id='word_1_232' title='bbox 674 2619 778 2682; x_wconf 80' lang='lat' dir='ltr'><strong>Psalm.</strong></span> <span class='ocrx_word' id='word_1_233' title='bbox 800 2626 868 2698; x_wconf 86' lang='lat'><strong>130,</strong></span> <span class='ocrx_word' id='word_1_234' title='bbox 888 2626 915 2687; x_wconf 89' lang='grc'><strong>6.</strong></span> <span class='ocrx_word' id='word_1_235' title='bbox 945 2621 995 2686; x_wconf 89' lang='lat' dir='ltr'><strong>Sic</strong></span> <span class='ocrx_word' id='word_1_236' title='bbox 1013 2626 1089 2685; x_wconf 91' lang='lat' dir='ltr'><strong>enim</strong></span> <span class='ocrx_word' id='word_1_237' title='bbox 1109 2626 1183 2684; x_wconf 81' lang='lat' dir='ltr'><strong>inter</strong></span> <span class='ocrx_word' id='word_1_238' title='bbox 1203 2639 1319 2704; x_wconf 88' lang='lat' dir='ltr'><strong>precan-</strong></span> 
     </span>
     <span class='ocr_line' id='line_1_27' title="bbox 188 2698 1321 2784; baseline -0.005 -18"><span class='ocrx_word' id='word_1_239' title='bbox 188 2703 273 2775; x_wconf 87' lang='lat' dir='ltr'><strong>dum,</strong></span> <span class='ocrx_word' id='word_1_240' title='bbox 296 2701 501 2780; x_wconf 84' lang='lat' dir='ltr'><strong>promiaeiouec</strong></span> <span class='ocrx_word' id='word_1_241' title='bbox 528 2698 586 2762; x_wconf 88' lang='lat' dir='ltr'><strong>Dei</strong></span> <span class='ocrx_word' id='word_1_242' title='bbox 614 2701 744 2762; x_wconf 87' lang='lat' dir='ltr'><strong>meditari</strong></span> <span class='ocrx_word' id='word_1_243' title='bbox 770 2707 915 2778; x_wconf 88' lang='lat' dir='ltr'><strong>convenit,</strong></span> <span class='ocrx_word' id='word_1_244' title='bbox 939 2723 1013 2784; x_wconf 88' lang='lat' dir='ltr'><strong>quae</strong></span> <span class='ocrx_word' id='word_1_245' title='bbox 1035 2703 1117 2770; x_wconf 80' lang='lat' dir='ltr'><strong>nobie</strong></span> <span class='ocrx_word' id='word_1_246' title='bbox 1141 2701 1228 2762; x_wconf 82' lang='lat' dir='ltr'><strong>verbe</strong></span> <span class='ocrx_word' id='word_1_247' title='bbox 1252 2721 1321 2780; x_wconf 89' lang='lat' dir='ltr'><strong>eup-</strong></span> 
     </span>
     <span class='ocr_line' id='line_1_28' title="bbox 187 2775 1324 2878; baseline -0.003 -35"><span class='ocrx_word' id='word_1_248' title='bbox 187 2782 324 2864; x_wconf 87' lang='lat' dir='ltr'><strong>peditant.</strong></span> <span class='ocrx_word' id='word_1_249' title='bbox 372 2775 435 2840; x_wconf 87' lang='lat' dir='ltr'><strong>Etei</strong></span> <span class='ocrx_word' id='word_1_250' title='bbox 476 2786 573 2842; x_wconf 86' lang='lat' dir='ltr'><strong>antem</strong></span> <span class='ocrx_word' id='word_1_251' title='bbox 616 2779 749 2842; x_wconf 85' lang='lat' dir='ltr'><strong>videntur</strong></span> <span class='ocrx_word' id='word_1_252' title='bbox 792 2783 1004 2878; x_wconf 81' lang='lat' dir='ltr'><strong>quodammodo</strong></span> <span class='ocrx_word' id='word_1_253' title='bbox 1031 2783 1227 2864; x_wconf 82' lang='lat' dir='ltr'><strong>&#39;expostulare</strong></span> <span class='ocrx_word' id='word_1_254' title='bbox 1265 2779 1324 2840; x_wconf 79' lang='lat' dir='ltr'><strong>noel</strong></span> 
     </span>
     <span class='ocr_line' id='line_1_29' title="bbox 189 2856 1324 2935; baseline -0.006 -11"><span class='ocrx_word' id='word_1_255' title='bbox 189 2863 277 2924; x_wconf 84' lang='lat' dir='ltr'><strong>elium</strong></span> <span class='ocrx_word' id='word_1_256' title='bbox 321 2876 353 2920; x_wconf 83' lang='lat' dir='ltr'><strong>ae</strong></span> <span class='ocrx_word' id='word_1_257' title='bbox 396 2856 477 2918; x_wconf 87' lang='lat' dir='ltr'><strong>Deua</strong></span> <span class='ocrx_word' id='word_1_258' title='bbox 522 2857 694 2922; x_wconf 77' lang='lat' dir='ltr'><strong>ostenderet:</strong></span> <span class='ocrx_word' id='word_1_259' title='bbox 744 2857 862 2922; x_wconf 75' lang='lat' dir='ltr'><strong>dubium</strong></span> <span class='ocrx_word' id='word_1_260' title='bbox 906 2872 1000 2924; x_wconf 85' lang='lat' dir='ltr'><strong>tamen</strong></span> <span class='ocrx_word' id='word_1_261' title='bbox 1044 2884 1102 2924; x_wconf 90' lang='lat' dir='ltr'><strong>nou</strong></span> <span class='ocrx_word' id='word_1_262' title='bbox 1146 2870 1212 2935; x_wconf 82' lang='lat' dir='ltr'><strong>est,</strong></span> <span class='ocrx_word' id='word_1_263' title='bbox 1255 2879 1324 2918; x_wconf 87' lang='lat' dir='ltr'><strong>cum</strong></span> 
     </span>
     <span class='ocr_line' id='line_1_30' title="bbox 84 2933 1324 3024; baseline -0.003 -22"><span class='ocrx_word' id='word_1_264' title='bbox 84 2933 95 2952; x_wconf 57' lang='lat'>⁸</span> <span class='ocrx_word' id='word_1_265' title='bbox 192 2938 348 3002; x_wconf 86' lang='lat' dir='ltr'><strong>tentatione</strong></span> <span class='ocrx_word' id='word_1_266' title='bbox 385 2937 497 3008; x_wconf 78' lang='lat' dir='ltr'><strong>sortiter</strong></span> <span class='ocrx_word' id='word_1_267' title='bbox 535 2937 687 3013; x_wconf 81' lang='lat' dir='ltr'><strong>luctando,</strong></span> <span class='ocrx_word' id='word_1_268' title='bbox 726 2959 807 3020; x_wconf 83' lang='lat' dir='ltr'><strong>opem</strong></span> <span class='ocrx_word' id='word_1_269' title='bbox 840 2941 989 3004; x_wconf 76' lang='lat' dir='ltr'><strong>levationis</strong></span> <span class='ocrx_word' id='word_1_270' title='bbox 1017 2943 1168 3024; x_wconf 78' lang='lat' dir='ltr'><strong>quaesiisse</strong></span> <span class='ocrx_word' id='word_1_271' title='bbox 1199 2960 1237 3002; x_wconf 82' lang='lat' dir='ltr'><strong>ex</strong></span> <span class='ocrx_word' id='word_1_272' title='bbox 1265 2937 1324 2998; x_wconf 88' lang='lat' dir='ltr'><strong>Dei</strong></span> 
     </span>
     <span class='ocr_line' id='line_1_31' title="bbox 161 3017 1322 3103; baseline -0.003 -22"><span class='ocrx_word' id='word_1_273' title='bbox 161 3041 168 3082; x_wconf 85' lang='lat' dir='ltr'><strong>r</strong></span> <span class='ocrx_word' id='word_1_274' title='bbox 190 3027 306 3088; x_wconf 87' lang='lat' dir='ltr'><strong>natura,</strong></span> <span class='ocrx_word' id='word_1_275' title='bbox 325 3017 383 3078; x_wconf 86' lang='lat' dir='ltr'><strong>ecci</strong></span> <span class='ocrx_word' id='word_1_276' title='bbox 402 3017 572 3098; x_wconf 86' lang='lat' dir='ltr'><strong>principium</strong></span> <span class='ocrx_word' id='word_1_277' title='bbox 591 3017 647 3078; x_wconf 90' lang='lat' dir='ltr'><strong>boo</strong></span> <span class='ocrx_word' id='word_1_278' title='bbox 666 3027 824 3095; x_wconf 84' lang='lat' dir='ltr'><strong>comerent,</strong></span> <span class='ocrx_word' id='word_1_279' title='bbox 842 3021 905 3082; x_wconf 88' lang='lat' dir='ltr'><strong>lieri</strong></span> <span class='ocrx_word' id='word_1_280' title='bbox 923 3041 981 3082; x_wconf 92' lang='lat' dir='ltr'><strong>uon</strong></span> <span class='ocrx_word' id='word_1_281' title='bbox 1001 3043 1085 3103; x_wconf 81' lang='lat' dir='ltr'><strong>posce</strong></span> <span class='ocrx_word' id='word_1_282' title='bbox 1105 3030 1137 3083; x_wconf 88' lang='lat' dir='ltr'><strong>ut</strong></span> <span class='ocrx_word' id='word_1_283' title='bbox 1157 3017 1238 3084; x_wconf 84' lang='lat' dir='ltr'><strong>Deua</strong></span> <span class='ocrx_word' id='word_1_284' title='bbox 1257 3038 1322 3102; x_wconf 89' lang='lat' dir='ltr'><strong>per·</strong></span> 
     </span>
     <span class='ocr_line' id='line_1_32' title="bbox 190 3095 1323 3182; baseline -0.001 -24"><span class='ocrx_word' id='word_1_285' title='bbox 190 3105 279 3182; x_wconf 90' lang='lat' dir='ltr'><strong>petuo</strong></span> <span class='ocrx_word' id='word_1_286' title='bbox 298 3097 475 3158; x_wconf 73' lang='lat' dir='ltr'><strong>unoemrnr.</strong></span> <span class='ocrx_word' id='word_1_287' title='bbox 503 3095 612 3158; x_wconf 78' lang='lat' dir='ltr'><strong>lnteme</strong></span> <span class='ocrx_word' id='word_1_288' title='bbox 631 3099 804 3179; x_wconf 78' lang='lat' dir='ltr'><strong>colligimur,</strong></span> <span class='ocrx_word' id='word_1_289' title='bbox 824 3121 915 3182; x_wconf 83' lang='lat' dir='ltr'><strong>neque</strong></span> <span class='ocrx_word' id='word_1_290' title='bbox 934 3102 971 3162; x_wconf 87' lang='lat' dir='ltr'><strong>ad</strong></span> <span class='ocrx_word' id='word_1_291' title='bbox 989 3103 1115 3164; x_wconf 87' lang='lat' dir='ltr'><strong>taedium</strong></span> <span class='ocrx_word' id='word_1_292' title='bbox 1133 3101 1215 3162; x_wconf 74' lang='lat' dir='ltr'><strong>unalia</strong></span> <span class='ocrx_word' id='word_1_293' title='bbox 1235 3099 1323 3158; x_wconf 71' lang='lat' dir='ltr'><strong>inimo</strong></span> 
     </span>
    </p>

    <p class='ocr_par' dir='ltr' id='par_1_12' title="bbox 142 3175 1330 3736">
     <span class='ocr_line' id='line_1_33' title="bbox 142 3175 1323 3263; baseline -0.001 -25"><span class='ocrx_word' id='word_1_294' title='bbox 142 3213 145 3223; x_wconf 89' lang='lat'>·</span> <span class='ocrx_word' id='word_1_295' title='bbox 212 3183 345 3247; x_wconf 68' lang='lat' dir='ltr'><strong>ravenn.</strong></span> <span class='ocrx_word' id='word_1_296' title='bbox 364 3175 433 3236; x_wconf 86' lang='lat' dir='ltr'><strong>dum</strong></span> <span class='ocrx_word' id='word_1_297' title='bbox 453 3179 493 3236; x_wconf 88' lang='lat' dir='ltr'><strong>ita</strong></span> <span class='ocrx_word' id='word_1_298' title='bbox 512 3185 638 3250; x_wconf 72' lang='lat' dir='ltr'><strong>orarunt,</strong></span> <span class='ocrx_word' id='word_1_299' title='bbox 658 3184 693 3238; x_wconf 91' lang='lat' dir='ltr'><strong>ut</strong></span> <span class='ocrx_word' id='word_1_300' title='bbox 711 3179 827 3240; x_wconf 80' lang='lat' dir='ltr'><strong>ferendo</strong></span> <span class='ocrx_word' id='word_1_301' title='bbox 847 3183 903 3242; x_wconf 88' lang='lat' dir='ltr'><strong>iam</strong></span> <span class='ocrx_word' id='word_1_302' title='bbox 922 3183 1130 3263; x_wconf 77' lang='lat' dir='ltr'><strong>propemodum</strong></span> <span class='ocrx_word' id='word_1_303' title='bbox 1156 3185 1249 3242; x_wconf 68' lang='lat' dir='ltr'><strong>essem</strong></span> <span class='ocrx_word' id='word_1_304' title='bbox 1273 3177 1323 3238; x_wconf 88' lang='lat' dir='ltr'><strong>de·</strong></span> 
     </span>
     <span class='ocr_line' id='line_1_34' title="bbox 193 3253 1324 3355; baseline 0 -37"><span class='ocrx_word' id='word_1_305' title='bbox 193 3257 268 3355; x_wconf 65' lang='lat' dir='ltr'><strong>ecci</strong></span> <span class='ocrx_word' id='word_1_306' title='bbox 308 3253 406 3349; x_wconf 66' lang='lat' dir='ltr'><strong>Quare</strong></span> <span class='ocrx_word' id='word_1_307' title='bbox 425 3255 581 3342; x_wconf 69' lang='lat' dir='ltr'><strong>diammnn,</strong></span> <span class='ocrx_word' id='word_1_308' title='bbox 601 3263 747 3338; x_wconf 87' lang='lat' dir='ltr'><strong>utcunque</strong></span> <span class='ocrx_word' id='word_1_309' title='bbox 765 3277 824 3320; x_wconf 87' lang='lat' dir='ltr'><strong>nou</strong></span> <span class='ocrx_word' id='word_1_310' title='bbox 843 3263 939 3322; x_wconf 84' lang='lat' dir='ltr'><strong>atatim</strong></span> <span class='ocrx_word' id='word_1_311' title='bbox 959 3263 1052 3342; x_wconf 84' lang='lat' dir='ltr'><strong>palam</strong></span> <span class='ocrx_word' id='word_1_312' title='bbox 1072 3261 1220 3322; x_wconf 83' lang='lat' dir='ltr'><strong>nobiccum</strong></span> <span class='ocrx_word' id='word_1_313' title='bbox 1239 3257 1324 3354; x_wconf 65' lang='lat' dir='ltr'><strong>Deua</strong></span> 
     </span>
     <span class='ocr_line' id='line_1_35' title="bbox 191 3335 1330 3499; baseline 0.001 -22"><span class='ocrx_word' id='word_1_314' title='bbox 191 3335 585 3494; x_wconf 50' lang='lat' dir='ltr'><strong>tttffltttlttttt</strong></span> <span class='ocrx_word' id='word_1_315' title='bbox 603 3339 1013 3499; x_wconf 59' lang='lat' dir='ltr'><strong>titttttittlte</strong></span> <span class='ocrx_word' id='word_1_316' title='bbox 1030 3337 1330 3480; x_wconf 68' lang='lat' dir='ltr'><strong>tttttt‘tttt</strong></span> 
     </span>
     <span class='ocr_line' id='line_1_36' title="bbox 193 3492 1325 3579; baseline 0 -23"><span class='ocrx_word' id='word_1_317' title='bbox 193 3494 311 3556; x_wconf 86' lang='lat' dir='ltr'><strong>brevem</strong></span> <span class='ocrx_word' id='word_1_318' title='bbox 330 3492 392 3555; x_wconf 83' lang='lat' dir='ltr'><strong>iore</strong></span> <span class='ocrx_word' id='word_1_319' title='bbox 411 3495 549 3573; x_wconf 75' lang='lat' dir='ltr'><strong>promisit.</strong></span> <span class='ocrx_word' id='word_1_320' title='bbox 590 3493 677 3556; x_wconf 79' lang='lat' dir='ltr'><strong>Cute</strong></span> <span class='ocrx_word' id='word_1_321' title='bbox 695 3497 720 3556; x_wconf 88' lang='lat' dir='ltr'><strong>ei</strong></span> <span class='ocrx_word' id='word_1_322' title='bbox 739 3504 855 3578; x_wconf 85' lang='lat' dir='ltr'><strong>peccata</strong></span> <span class='ocrx_word' id='word_1_323' title='bbox 877 3507 974 3560; x_wconf 87' lang='lat' dir='ltr'><strong>noetra</strong></span> <span class='ocrx_word' id='word_1_324' title='bbox 998 3499 1198 3579; x_wconf 78' lang='lat' dir='ltr'><strong>expendimus,</strong></span> <span class='ocrx_word' id='word_1_325' title='bbox 1227 3495 1325 3558; x_wconf 84' lang='lat' dir='ltr'><strong>brevia</strong></span> 
     </span>
     <span class='ocr_line' id='line_1_37' title="bbox 195 3572 1325 3653; baseline 0.004 -21"><span class='ocrx_word' id='word_1_326' title='bbox 195 3591 307 3653; x_wconf 86' lang='lat' dir='ltr'><strong>aemper</strong></span> <span class='ocrx_word' id='word_1_327' title='bbox 325 3580 380 3646; x_wconf 86' lang='lat' dir='ltr'><strong>eat,</strong></span> <span class='ocrx_word' id='word_1_328' title='bbox 399 3572 477 3652; x_wconf 83' lang='lat' dir='ltr'><strong>quod</strong></span> <span class='ocrx_word' id='word_1_329' title='bbox 497 3575 524 3634; x_wconf 87' lang='lat' dir='ltr'><strong>ei</strong></span> <span class='ocrx_word' id='word_1_330' title='bbox 541 3573 623 3635; x_wconf 83' lang='lat' dir='ltr'><strong>nobie</strong></span> <span class='ocrx_word' id='word_1_331' title='bbox 642 3585 773 3638; x_wconf 89' lang='lat' dir='ltr'><strong>occurrat</strong></span> <span class='ocrx_word' id='word_1_332' title='bbox 790 3587 922 3640; x_wconf 79' lang='lat' dir='ltr'><strong>aeternna</strong></span> <span class='ocrx_word' id='word_1_333' title='bbox 936 3579 1142 3653; x_wconf 76' lang='lat' dir='ltr'><strong>misericordiae</strong></span> <span class='ocrx_word' id='word_1_334' title='bbox 1157 3577 1325 3650; x_wconf 79' lang='lat' dir='ltr'><strong>eiuctcnor,</strong></span> 
     </span>
     <span class='ocr_line' id='line_1_38' title="bbox 195 3653 1326 3736; baseline 0.005 -24"><span class='ocrx_word' id='word_1_335' title='bbox 195 3657 423 3716; x_wconf 86' lang='lat' dir='ltr'><strong>momentaneam</strong></span> <span class='ocrx_word' id='word_1_336' title='bbox 443 3671 506 3714; x_wconf 85' lang='lat' dir='ltr'><strong>ecee</strong></span> <span class='ocrx_word' id='word_1_337' title='bbox 524 3653 683 3722; x_wconf 83' lang='lat' dir='ltr'><strong>letabimur.</strong></span> <span class='ocrx_word' id='word_1_338' title='bbox 704 3653 777 3718; x_wconf 85' lang='lat' dir='ltr'><strong>Nam</strong></span> <span class='ocrx_word' id='word_1_339' title='bbox 791 3659 858 3736; x_wconf 86' lang='lat' dir='ltr'><strong>quia</strong></span> <span class='ocrx_word' id='word_1_340' title='bbox 873 3657 992 3720; x_wconf 75' lang='lat' dir='ltr'><strong>subinde</strong></span> <span class='ocrx_word' id='word_1_341' title='bbox 1005 3658 1216 3721; x_wconf 81' lang='lat' dir='ltr'><strong>relabiturearc</strong></span> <span class='ocrx_word' id='word_1_342' title='bbox 1226 3662 1326 3718; x_wconf 74' lang='lat' dir='ltr'><strong>nosne</strong></span> 
     </span>
    </p>
   </div>
   <div class='ocr_carea' id='block_1_11' title="bbox 197 3731 1430 3818">
    <p class='ocr_par' dir='ltr' id='par_1_13' title="bbox 197 3731 1430 3818">
     <span class='ocr_line' id='line_1_39' title="bbox 197 3731 1430 3818; baseline 0.003 -25"><span class='ocrx_word' id='word_1_343' title='bbox 197 3731 234 3793; x_wconf 86' lang='lat' dir='ltr'><strong>ad</strong></span> <span class='ocrx_word' id='word_1_344' title='bbox 253 3731 409 3806; x_wconf 70' lang='lat' dir='ltr'><strong>lasciviam,</strong></span> <span class='ocrx_word' id='word_1_345' title='bbox 428 3733 513 3793; x_wconf 81' lang='lat' dir='ltr'><strong>variis</strong></span> <span class='ocrx_word' id='word_1_346' title='bbox 533 3735 753 3796; x_wconf 75' lang='lat' dir='ltr'><strong>correctionibus</strong></span> <span class='ocrx_word' id='word_1_347' title='bbox 772 3739 885 3816; x_wconf 88' lang='lat' dir='ltr'><strong>penitue</strong></span> <span class='ocrx_word' id='word_1_348' title='bbox 904 3737 996 3818; x_wconf 64' lang='lat' dir='ltr'><strong>enbigi</strong></span> <span class='ocrx_word' id='word_1_349' title='bbox 1014 3758 1128 3800; x_wconf 74' lang='lat' dir='ltr'><strong>nemeae</strong></span> <span class='ocrx_word' id='word_1_350' title='bbox 1143 3745 1196 3796; x_wconf 83' lang='lat' dir='ltr'><strong>eet.</strong></span> <span class='ocrx_word' id='word_1_351' title='bbox 1215 3733 1327 3796; x_wconf 83' lang='lat' dir='ltr'><strong>Eodem</strong></span> <span class='ocrx_word' id='word_1_352' title='bbox 1429 3759 1430 3776; x_wconf 54' lang='grc' dir='ltr'>ι</span> 
     </span>
    </p>
   </div>
   <div class='ocr_carea' id='block_1_12' title="bbox 196 3813 1328 4034">
    <p class='ocr_par' dir='ltr' id='par_1_14' title="bbox 196 3813 1328 4034">
     <span class='ocr_line' id='line_1_40' title="bbox 196 3813 1327 3954; baseline 0.004 -84"><span class='ocrx_word' id='word_1_353' title='bbox 196 3831 283 3906; x_wconf 70' lang='lat' dir='ltr'><strong>censu</strong></span> <span class='ocrx_word' id='word_1_354' title='bbox 302 3817 445 3906; x_wconf 73' lang='lat' dir='ltr'><strong>quamnnt</strong></span> <span class='ocrx_word' id='word_1_355' title='bbox 461 3834 564 3874; x_wconf 85' lang='grc' dir='ltr'>ιιιιιιοιι</span> <span class='ocrx_word' id='word_1_356' title='bbox 581 3835 612 3872; x_wconf 83' lang='lat' dir='ltr'><strong>ee</strong></span> <span class='ocrx_word' id='word_1_357' title='bbox 632 3817 714 3908; x_wconf 68' lang='lat' dir='ltr'><strong>Deua</strong></span> <span class='ocrx_word' id='word_1_358' title='bbox 732 3826 876 3912; x_wconf 69' lang='lat' dir='ltr'><strong>concertet</strong></span> <span class='ocrx_word' id='word_1_359' title='bbox 894 3819 938 3880; x_wconf 83' lang='lat' dir='ltr'><strong>od</strong></span> <span class='ocrx_word' id='word_1_360' title='bbox 952 3841 1004 3879; x_wconf 79' lang='lat' dir='ltr'><strong>eoa</strong></span> <span class='ocrx_word' id='word_1_361' title='bbox 1022 3819 1222 3911; x_wconf 66' lang='lat' dir='ltr'><strong>uiutficnrcdoe.</strong></span> <span class='ocrx_word' id='word_1_362' title='bbox 1247 3813 1327 3954; x_wconf 44' lang='lat' dir='ltr'><strong>Retia</strong></span> 
     </span>
     <span class='ocr_line' id='line_1_41' title="bbox 197 3889 1328 4034; baseline 0.008 -87"><span class='ocrx_word' id='word_1_363' title='bbox 197 3911 275 3954; x_wconf 69' lang='lat' dir='ltr'><strong>mum</strong></span> <span class='ocrx_word' id='word_1_364' title='bbox 293 3889 407 3970; x_wconf 72' lang='lat' dir='ltr'><strong>rigebat</strong></span> <span class='ocrx_word' id='word_1_365' title='bbox 425 3910 455 3950; x_wconf 90' lang='grc' dir='ltr'><strong>ιιι</strong></span> <span class='ocrx_word' id='word_1_366' title='bbox 473 3908 574 3952; x_wconf 89' lang='lat' dir='ltr'><strong>eorum</strong></span> <span class='ocrx_word' id='word_1_367' title='bbox 593 3894 724 3954; x_wconf 80' lang='lat' dir='ltr'><strong>eorunm</strong></span> <span class='ocrx_word' id='word_1_368' title='bbox 744 3915 912 4034; x_wconf 75' lang='lat' dir='ltr'><strong>principium</strong></span> <span class='ocrx_word' id='word_1_369' title='bbox 927 3898 992 3972; x_wconf 84' lang='lat' dir='ltr'><strong>buo,</strong></span> <span class='ocrx_word' id='word_1_370' title='bbox 1012 3917 1117 3978; x_wconf 83' lang='lat' dir='ltr'><strong>poenae</strong></span> <span class='ocrx_word' id='word_1_371' title='bbox 1133 3896 1237 3978; x_wconf 78' lang='lat' dir='ltr'><strong>quibua</strong></span> <span class='ocrx_word' id='word_1_372' title='bbox 1293 3915 1328 3956; x_wconf 84' lang='lat' dir='ltr'><strong>ne</strong></span> 
     </span>
    </p>
   </div>
   <div class='ocr_carea' id='block_1_13' title="bbox 176 3966 1333 4450">
    <p class='ocr_par' dir='ltr' id='par_1_15' title="bbox 198 3966 1330 4063">
     <span class='ocr_line' id='line_1_42' title="bbox 198 3966 1330 4063; baseline 0.004 -32"><span class='ocrx_word' id='word_1_373' title='bbox 198 3989 267 4032; x_wconf 78' lang='lat' dir='ltr'><strong>enoc</strong></span> <span class='ocrx_word' id='word_1_374' title='bbox 285 3969 404 4063; x_wconf 71' lang='lat' dir='ltr'><strong>oaadgat</strong></span> <span class='ocrx_word' id='word_1_375' title='bbox 417 3966 518 4041; x_wconf 80' lang='lat' dir='ltr'><strong>Deus,</strong></span> <span class='ocrx_word' id='word_1_376' title='bbox 536 3991 599 4042; x_wconf 81' lang='lat' dir='ltr'><strong>eece</strong></span> <span class='ocrx_word' id='word_1_377' title='bbox 617 3979 798 4052; x_wconf 76' lang='lat' dir='ltr'><strong>temporaec.</strong></span> <span class='ocrx_word' id='word_1_378' title='bbox 815 3973 884 4038; x_wconf 84' lang='lat' dir='ltr'><strong>lunc</strong></span> <span class='ocrx_word' id='word_1_379' title='bbox 901 3975 1035 4038; x_wconf 84' lang='lat' dir='ltr'><strong>fiduciam</strong></span> <span class='ocrx_word' id='word_1_380' title='bbox 1055 3977 1201 4058; x_wconf 70' lang='lat' dir='ltr'><strong>colligunt,</strong></span> <span class='ocrx_word' id='word_1_381' title='bbox 1220 3973 1330 4050; x_wconf 83' lang='lat' dir='ltr'><strong>Deum,</strong></span> 
     </span>
    </p>

    <p class='ocr_par' dir='ltr' id='par_1_16' title="bbox 199 4050 1330 4143">
     <span class='ocr_line' id='line_1_43' title="bbox 199 4050 1330 4143; baseline 0.008 -34"><span class='ocrx_word' id='word_1_382' title='bbox 199 4067 331 4131; x_wconf 77' lang='lat' dir='ltr'><strong>quemme</strong></span> <span class='ocrx_word' id='word_1_383' title='bbox 349 4066 427 4143; x_wconf 74' lang='lat' dir='ltr'><strong>nuno</strong></span> <span class='ocrx_word' id='word_1_384' title='bbox 445 4051 547 4110; x_wconf 86' lang='lat' dir='ltr'><strong>merito</strong></span> <span class='ocrx_word' id='word_1_385' title='bbox 566 4052 605 4110; x_wconf 85' lang='lat' dir='ltr'><strong>eit</strong></span> <span class='ocrx_word' id='word_1_386' title='bbox 622 4050 748 4112; x_wconf 85' lang='lat' dir='ltr'><strong>inlenaue</strong></span> <span class='ocrx_word' id='word_1_387' title='bbox 766 4059 796 4113; x_wconf 90' lang='lat' dir='ltr'><strong>et</strong></span> <span class='ocrx_word' id='word_1_388' title='bbox 819 4071 951 4128; x_wconf 75' lang='lat' dir='ltr'><strong>avenne,</strong></span> <span class='ocrx_word' id='word_1_389' title='bbox 980 4057 1042 4118; x_wconf 80' lang='lat' dir='ltr'><strong>iore</strong></span> <span class='ocrx_word' id='word_1_390' title='bbox 1066 4057 1118 4116; x_wconf 87' lang='lat' dir='ltr'><strong>cibi</strong></span> <span class='ocrx_word' id='word_1_391' title='bbox 1143 4055 1330 4129; x_wconf 78' lang='lat' dir='ltr'><strong>exorabilem.</strong></span> 
     </span>
    </p>

    <p class='ocr_par' dir='ltr' id='par_1_17' title="bbox 176 4129 1330 4219">
     <span class='ocr_line' id='line_1_44' title="bbox 176 4129 1330 4219; baseline 0.006 -30"><span class='ocrx_word' id='word_1_392' title='bbox 176 4211 179 4219; x_wconf 53' lang='lat'><strong>.</strong></span> <span class='ocrx_word' id='word_1_393' title='bbox 199 4136 233 4190; x_wconf 86' lang='lat' dir='ltr'><strong>nt</strong></span> <span class='ocrx_word' id='word_1_394' title='bbox 251 4134 380 4188; x_wconf 77' lang='lat' dir='ltr'><strong>morbiue</strong></span> <span class='ocrx_word' id='word_1_395' title='bbox 398 4147 428 4188; x_wconf 88' lang='grc' dir='ltr'><strong>ιιι</strong></span> <span class='ocrx_word' id='word_1_396' title='bbox 447 4129 536 4188; x_wconf 87' lang='lat' dir='ltr'><strong>ritem</strong></span> <span class='ocrx_word' id='word_1_397' title='bbox 555 4131 680 4205; x_wconf 73' lang='lat' dir='ltr'><strong>suscitet,</strong></span> <span class='ocrx_word' id='word_1_398' title='bbox 702 4133 869 4216; x_wconf 81' lang='lat' dir='ltr'><strong>luctumque</strong></span> <span class='ocrx_word' id='word_1_399' title='bbox 888 4145 1036 4198; x_wconf 84' lang='lat' dir='ltr'><strong>convertat</strong></span> <span class='ocrx_word' id='word_1_400' title='bbox 1055 4137 1084 4198; x_wconf 92' lang='lat' dir='ltr'><strong>in</strong></span> <span class='ocrx_word' id='word_1_401' title='bbox 1104 4137 1247 4198; x_wconf 82' lang='lat' dir='ltr'><strong>laetitiam.</strong></span> <span class='ocrx_word' id='word_1_402' title='bbox 1275 4139 1330 4196; x_wconf 78' lang='lat' dir='ltr'><strong>Vt·</strong></span> 
     </span>
    </p>

    <p class='ocr_par' dir='ltr' id='par_1_18' title="bbox 360 4207 1332 4298">
     <span class='ocr_line' id='line_1_45' title="bbox 360 4207 1332 4298; baseline 0.006 -30"><span class='ocrx_word' id='word_1_403' title='bbox 360 4208 436 4268; x_wconf 88' lang='lat' dir='ltr'><strong>euim</strong></span> <span class='ocrx_word' id='word_1_404' title='bbox 456 4207 544 4269; x_wconf 85' lang='lat' dir='ltr'><strong>verbo</strong></span> <span class='ocrx_word' id='word_1_405' title='bbox 564 4225 595 4268; x_wconf 78' lang='lat' dir='ltr'><strong>ae</strong></span> <span class='ocrx_word' id='word_1_406' title='bbox 613 4213 733 4272; x_wconf 85' lang='lat' dir='ltr'><strong>mortula</strong></span> <span class='ocrx_word' id='word_1_407' title='bbox 752 4233 842 4293; x_wconf 87' lang='lat' dir='ltr'><strong>prope</strong></span> <span class='ocrx_word' id='word_1_408' title='bbox 860 4215 966 4278; x_wconf 70' lang='lat' dir='ltr'><strong>nimiter</strong></span> <span class='ocrx_word' id='word_1_409' title='bbox 986 4223 1158 4298; x_wconf 77' lang='lat' dir='ltr'><strong>queruntur,</strong></span> <span class='ocrx_word' id='word_1_410' title='bbox 1183 4215 1332 4276; x_wconf 76' lang='lat' dir='ltr'><strong>raimelia</strong></span> 
     </span>
    </p>

    <p class='ocr_par' dir='ltr' id='par_1_19' title="bbox 201 4283 1333 4450">
     <span class='ocr_line' id='line_1_46' title="bbox 201 4283 1333 4378; baseline 0.01 -33"><span class='ocrx_word' id='word_1_411' title='bbox 201 4287 355 4368; x_wconf 69' lang='lat' dir='ltr'><strong>erumnam.</strong></span> <span class='ocrx_word' id='word_1_412' title='bbox 376 4283 454 4346; x_wconf 87' lang='lat' dir='ltr'><strong>Dum</strong></span> <span class='ocrx_word' id='word_1_413' title='bbox 475 4306 543 4348; x_wconf 87' lang='lat' dir='ltr'><strong>vero</strong></span> <span class='ocrx_word' id='word_1_414' title='bbox 563 4288 685 4350; x_wconf 86' lang='lat' dir='ltr'><strong>laetandi</strong></span> <span class='ocrx_word' id='word_1_415' title='bbox 705 4293 850 4354; x_wconf 67' lang='lat' dir='ltr'><strong>maumam</strong></span> <span class='ocrx_word' id='word_1_416' title='bbox 870 4296 923 4356; x_wconf 86' lang='lat' dir='ltr'><strong>eibi</strong></span> <span class='ocrx_word' id='word_1_417' title='bbox 941 4300 1122 4378; x_wconf 81' lang='lat' dir='ltr'><strong>promittuut,</strong></span> <span class='ocrx_word' id='word_1_418' title='bbox 1140 4314 1218 4356; x_wconf 88' lang='lat' dir='ltr'><strong>nuno</strong></span> <span class='ocrx_word' id='word_1_419' title='bbox 1236 4313 1269 4356; x_wconf 84' lang='lat' dir='ltr'><strong>ue</strong></span> <span class='ocrx_word' id='word_1_420' title='bbox 1286 4297 1333 4356; x_wconf 87' lang='lat' dir='ltr'><strong>in·</strong></span> 
     </span>
     <span class='ocr_line' id='line_1_47' title="bbox 201 4365 842 4450; baseline 0.016 -24"><span class='ocrx_word' id='word_1_421' title='bbox 201 4365 333 4444; x_wconf 67' lang='lat' dir='ltr'><strong>lelltpunt</strong></span> <span class='ocrx_word' id='word_1_422' title='bbox 351 4385 481 4428; x_wconf 82' lang='lat' dir='ltr'><strong>moerore</strong></span> <span class='ocrx_word' id='word_1_423' title='bbox 500 4387 590 4450; x_wconf 87' lang='lat' dir='ltr'><strong>prope</strong></span> <span class='ocrx_word' id='word_1_424' title='bbox 609 4388 671 4432; x_wconf 74' lang='lat' dir='ltr'><strong>ecee</strong></span> <span class='ocrx_word' id='word_1_425' title='bbox 686 4371 842 4436; x_wconf 71' lang='lat' dir='ltr'><strong>mermes.</strong></span> 
     </span>
    </p>
   </div>
   <div class='ocr_carea' id='block_1_14' title="bbox 0 0 1464 4888">
    <p class='ocr_par' dir='ltr' id='par_1_20' title="bbox 0 0 1464 4888">
     <span class='ocr_line' id='line_1_48' title="bbox 0 0 1464 4888; baseline 0 0"><span class='ocrx_word' id='word_1_426' title='bbox 0 0 1464 4888; x_wconf 95' lang='lat' dir='ltr'><strong> </strong></span> 
     </span>
    </p>
   </div>
  </div>
 </body>
</html>
