2884 4886
539 257 771 304 creseere
800 261 895 323 esar.¹
1162 313 1163 316 Ἴ
1218 273 1274 332 307

126 379 266 462 'mate
289 379 400 444 desem
425 379 472 440 vel
496 379 660 444 frustretur:
690 383 759 462 quia
783 387 844 442 tam
867 403 1027 465 propensus
1052 392 1150 452 estad
1171 394 1270 458 curan·

131 457 201 520 dam
219 478 322 520 eornm
341 460 463 522 calmem
483 478 570 540 qnam
589 461 716 540 potentia
734 462 896 523 instructus.
937 463 1072 528 Ceterum
1092 472 1184 550 primo
1203 475 1270 538 loco

130 539 266 602 hortatur
273 537 420 619 Propheta
439 544 533 601 totum
551 538 685 601 Israelem
703 541 735 602 in
752 541 906 622 generead
915 541 1060 608 fidendum
1071 546 1149 616 Deo:
1170 552 1270 618 deinde

129 619 300 682 nominatim
324 617 479 698 compellat
505 619 624 680 domurn
647 619 759 682 Aaron:
790 621 874 682 tertio
902 624 985 702 ponit
1009 627 1139 692 timentes
1161 627 1269 710 Deum,

131 699 217 761 cuius
235 698 343 760 ordinis
362 699 471 778 optima
490 704 533 758 cst
552 700 638 760 ratio:
657 699 724 779 quia
739 697 820 762 Deus
839 703 1002 780 promiscue
1021 705 1207 787 adoptaverat
1225 720 1269 772 to·

130 785 195 842 tom
215 777 365 858 populum,
385 776 516 838 omnihus
535 780 620 838 etiam
640 781 769 859 exposita
789 787 849 841 erat
868 782 929 840 eius
947 785 1053 862 gratia,
1077 793 1110 846 nt
1134 789 1269 854 deberent

130 859 321 920 communiter
340 857 370 916 in
389 876 425 918 eo
443 875 509 937 spes
528 877 594 918 suas
604 857 700 936 figere,
721 879 779 939 quo
789 879 875 920 sensu
889 859 957 922 dicit
967 860 1082 941 Paulus,
1101 865 1166 929 Act
1176 874 1224 940 26,
1235 873 1265 936 7.

129 937 282 1000 duodecim
305 935 396 998 trihus
419 935 507 998 lsrael
534 944 703 1018 exspectare
726 939 896 1017 promissam
919 939 1153 1022 redemptionem.
1198 948 1265 1014 Non

127 1017 181 1080 ahs
200 1035 233 1078 re
251 1019 337 1096 igitur
356 1014 501 1094 Propheta
518 1022 612 1078 totum
632 1015 765 1078 lsraelem
791 1019 869 1078 initio
890 1021 1096 1100 complectitur.
1135 1025 1263 1091 Rursum

128 1101 236 1168 tamen,
255 1097 322 1178 quta
342 1095 520 1176 pecuhariter
544 1095 667 1176 elegerat
691 1096 745 1156 sihi
768 1094 850 1157 Deus
869 1096 997 1174 laevitas,
1021 1104 1172 1185 praecipue
1193 1127 1263 1172 vero

128 1173 300 1238 Sacerdotes
324 1195 361 1236 ex
382 1175 468 1236 domn
487 1171 602 1249 Aaron,
626 1175 676 1256 qui
695 1176 757 1236 aliis
776 1178 927 1257 prurirent,
947 1189 1099 1262 essentque
1118 1186 1169 1246 reli
1190 1188 1261 1250 'onis

128 1256 280 1330 antistites,
299 1254 364 1334 plns
384 1253 420 1314 ah
439 1255 508 1334 ipsis
527 1272 615 1334 quam
633 1254 745 1334 reliquo
764 1256 853 1336 vulgo
872 1259 1002 1337 requirit:
1022 1281 1081 1322 eon
1101 1283 1159 1343 qno
1198 1287 1261 1348 spe·

128 1335 208 1396 ciclis
226 1335 304 1394 salos
322 1334 379 1394 illis
397 1335 536 1429 promissa
556 1341 638 1408 esset,
663 1333 712 1394 sed
732 1336 798 1414 qnia
818 1355 941 1416 aequum
960 1344 1021 1399 erat
1040 1343 1115 1402 viam
1134 1344 1196 1404 aliis
1217 1349 1261 1428 ip·
1325 1351 1330 1366 '

127 1434 177 1476 soa
195 1420 362 1482 monstrare,
381 1413 472 1481 arenti,
483 1412 577 1474 aditus
595 1414 625 1474 in
636 1411 975 1510 Sanctuariunrpatehat:
995 1422 1055 1482 acsi
1074 1422 1179 1484 diceret
1189 1423 1261 1486 Pro·

126 1493 223 1576 piretu,
242 1492 304 1554 Vos
323 1491 373 1554 filii
391 1491 505 1567 Aaron,
529 1511 603 1573 quos
623 1490 703 1554 Deos
728 1493 872 1575 religione
896 1498 1046 1576 magishos
1093 1502 1180 1581 epulo
1203 1524 1259 1567 auo

127 1593 189 1634 esse
208 1573 309 1645 voluit,
327 1579 420 1636 estote
439 1572 500 1632 aliis
519 1573 683 1653 exemplum
694 1572 769 1647 fidei,
789 1574 905 1654 quando
923 1577 1058 1658 singulari
1071 1519 1186 1644 honore
1205 1603 1259 1646 voa

126 1653 258 1735 dignatus
276 1659 331 1726 est,
349 1651 550 1714 Sanctumium
569 1671 654 1712 soum
675 1651 912 1735 vohisfaporiens.

205 1737 254 1796 11.
275 1738 336 1808 Qut
354 1740 461 1794 timetis
479 1735 628 1794 [seusam.
668 1729 734 1792 Non
751 1732 879 1813 loquitur
898 1733 934 1795 de
952 1733 1121 1818 alienigenis,
1142 1741 1257 1804 utlalsa
1347 1791 1349 1794 .

13 1797 14 1804 ἵ
125 1811 241 1892 qnidam
265 1817 382 1892 petant,
406 1809 487 1892 quasi
512 1812 547 1874 sle
566 1809 702 1872 Gentium
727 1814 877 1873 vocatione
900 1821 974 1876 esset
999 1819 1170 1894 vaticinium,
1189 1822 1257 1900 qnia
1283 1865 1287 1882 .

124 1893 202 1952 enim
226 1890 291 1954 liliis
310 1888 398 1952 lsrahl
428 1897 458 1952 et
481 1889 547 1950 liliis
566 1891 666 1954 Aaron
685 1883 747 1950 eoax
760 1892 896 1974 adiungit,
925 1901 1027 1972 putant
1045 1897 1256 1962 incircumcisos

123 1970 229 2044 notari,
251 1970 303 2052 qni
326 1969 454 2031 nondum
480 1970 591 2036 collecti
611 1977 691 2030 erant
716 1971 747 2029 in
766 1971 850 2040 ovile.
890 1970 948 2032 Sed
968 1971 1069 2036 eodem
1089 1986 1256 2058 argumento

122 2050 257 2129 colligere
276 2049 386 2110 liceret:
406 2049 574 2112 Sacerdotes
593 2069 652 2113 non
673 2068 735 2108 ease
753 2067 791 2108 ex
802 2071 906 2128 genere
924 2049 1072 2128 Abrahae,
1091 2058 1159 2149 quia
1178 2078 1256 2120 seor·

123 2137 189 2190 auor
210 2129 245 2190 de
263 2128 319 2189 illis
337 2128 411 2188 lacta
430 2135 475 2188 est
493 2129 609 2189 mentio.
650 2125 729 2206 Quin
752 2130 848 2206 potius
873 2127 970 2190 subest
993 2141 1132 2194 correctio
1155 2137 1185 2193 in
1211 2137 1256 2194 his

124 2205 232 2276 verbis,
261 2223 317 2282 qua
337 2226 420 2268 veros
440 2203 498 2267 Dei
520 2205 643 2266 cultores
673 2204 709 2264 oh
728 2203 895 2286 hypocritis,
925 2210 974 2288 qui
999 2209 1150 2290 degeneres
1174 2221 1256 2272 erant

123 2281 258 2342 Abrahae
275 2281 334 2356 lilii,
354 2281 495 2356 discernit.
536 2281 680 2360 Quoniam
704 2299 774 2357 ergo
793 2280 875 2340 multi
900 2286 1025 2341 carnales
1044 2285 1177 2348 Abrahae
1202 2289 1255 2350 lilii

124 2361 302 2422 desciverant
324 2379 342 2420 a
361 2357 417 2421 fide
436 2360 533 2442 patris,
562 2359 779 2440 promissionem
803 2359 840 2418 ad
865 2378 914 2420 eos
937 2361 1081 2442 restringit
1099 2361 1254 2444 Propheta,

122 2441 174 2521 qui
193 2458 256 2502 eam
275 2437 332 2504 hde
350 2438 475 2520 amplexi
504 2439 613 2498 sincere
632 2437 729 2498 Deum
753 2436 891 2498 colebant
931 2437 1029 2520 Atque
1052 2441 1091 2500 ita
1116 2461 1193 2502 nunc
1213 2451 1254 2506 te·

121 2539 224 2590 nemus
248 2537 299 2579 cur
324 2539 376 2599 per
400 2526 458 2598 tres
477 2519 548 2578 istos
573 2517 677 2599 gradus
697 2535 864 2600 progressus
884 2515 980 2578 luerit:
1033 2520 1253 2584 nemadmodum
1370 2523 1372 2526 ’
1411 2495 1412 2500 ¹

120 2599 211 2679 siquis
235 2596 320 2659 hodie
345 2596 571 2659 exhortationem
596 2597 707 2677 diriget,
736 2599 830 2679 primo
854 2596 890 2658 ad
914 2603 1007 2658 totum
1052 2599 1169 2661 eclesiae
1189 2620 1252 2662 cor-

142 2698 187 2752 us,
215 2685 315 2758 postea
335 2677 487 2738 descendat
504 2677 663 2758 specialiter
687 2675 723 2738 ad
746 2677 891 2738 ministros
915 2682 943 2736 et
967 2677 1106 2754 doctores,
1135 2681 1184 2760 qui
1205 2681 1252 2742 de·
1328 2729 1336 2738 .

120 2699 191 2818 hent
208 2758 270 2818 iliis
294 2775 356 2817 ease
379 2759 562 2838 antesignani.
608 2753 685 2834 Quia
710 2775 779 2816 vero
804 2759 880 2817 inani
899 2753 1042 2818 Ecclesiae
1064 2759 1148 2819 titnlo
1171 2759 1252 2822 falla·
1323 2756 1329 2762 ’

120 2838 192 2896 citor
216 2837 298 2896 multi
323 2855 353 2896 se
372 2837 526 2908 venditant,
555 2835 677 2916 ideoque
696 2836 807 2896 censeri·
822 2856 880 2896 non
901 2838 1045 2897 merentur
1063 2839 1092 2898 in
1111 2842 1251 2918 germanis
1308 2893 1312 2914 ,

120 2913 178 2981 Dei
197 2914 271 2992 liliis,
291 2913 422 2978 distincte
441 2915 570 2978 nominat
589 2935 675 2996 puros
696 2921 724 2974 et
743 2935 801 2975 nnn
821 2915 931 2976 fucatos
951 2914 1007 2976 Dei
1027 2915 1159 2978 cultores.

200 2999 248 3058 12.
272 2997 382 3058 lehooo
408 2995 582 3057 recordatus
610 3004 661 3059 eat.
706 2991 837 3074 Plerique
868 2993 986 3059 verbum
1015 2995 1197 3060 hersedicesadi
1219 2997 1250 3060 in

119 3077 274 3156 praeterito
293 3081 423 3155 temporo
442 3081 570 3149 vertunt,
590 3073 646 3134 acsi
666 3075 811 3153 proposita
830 3075 1002 3156 experientia
1021 3081 1079 3138 tem
1101 3096 1182 3136 erum
1202 3099 1249 3140 so·

119 3156 264 3236 perierem
284 3152 381 3216 fideles
407 3153 443 3214 ad
468 3151 539 3214 hene
563 3173 577 3212 s
598 3151 735 3212 erandnm
754 3153 861 3228 incitet,
884 3153 940 3213 hoc
959 3153 1057 3228 modo,
1112 3176 1141 3215 m
1160 3157 1250 3237 longo

119 3253 175 3294 usn
195 3233 343 3294 didicimus
363 3234 432 3314 quid
451 3233 546 3293 valeat
595 3233 621 3292 ei
644 3229 734 3292 nostri
752 3231 849 3291 favor:
870 3234 935 3312 quia
955 3251 1014 3292 non
1033 3233 1146 3294 aliunde
1165 3235 1248 3297 nobie

119 3319 150 3372 et
168 3315 350 3394 prosperitas,
368 3319 399 3373 et
417 3311 557 3374 honorum
577 3311 704 3374 omnium
724 3311 815 3392 copia,
840 3315 869 3370 et
892 3309 999 3372 stabilis
1018 3312 1151 3374 conditio.
1192 3313 1247 3375 Su·

118 3392 172 3460 mit
191 3393 266 3460 enim
286 3393 454 3474 principium
473 3391 543 3452 illud
564 3390 642 3472 quod
665 3389 747 3451 nohis
772 3388 902 3450 omnihus
928 3408 1095 3469 persuasum
1118 3410 1181 3452 esse
1200 3394 1247 3454 de·

117 3469 177 3543 het,
196 3490 249 3534 nos
268 3471 340 3534 hene
359 3478 389 3534 et
407 3471 526 3532 feliciter
544 3487 691 3552 nunqnam
711 3467 816 3530 hahere
834 3469 888 3528 nisi
907 3475 1047 3550 quatenus
1062 3468 1142 3530 Deus
1161 3471 1247 3532 hene·

56 3613 60 3624 ,
118 3549 194 3610 dicit
234 3549 294 3612 lam
318 3553 386 3630 quia
409 3553 492 3612 toties
516 3551 608 3632 erepti
630 3549 743 3610 fuerant
767 3547 908 3609 israelitae
930 3568 969 3608 ex
988 3548 1085 3610 multia
1105 3551 1246 3629 periculis,

117 3630 203 3690 toties
221 3631 252 3690 in
271 3633 437 3692 necessitate
454 3630 550 3705 adiuti,
568 3639 628 3692 tam
643 3627 794 3690 liberaliter
803 3628 925 3704 tractati,
943 3628 1060 3688 totidem
1079 3629 1246 3691 erantclara
1363 3637 1366 3650 '

115 3710 224 3788 gratiae
242 3707 300 3770 Dei
319 3729 387 3790 erga
404 3711 482 3791 ipsos
501 3711 679 3772 documenta.
708 3705 786 3787 Quia
804 3715 899 3769 tamen
917 3707 998 3768 nulla
1011 3708 1085 3768 ratio
1104 3709 1181 3788 cogit
1199 3709 1245 3768 iu-

115 3794 213 3851 turum
241 3789 272 3850 in
291 3789 383 3851 verbis
402 3798 516 3870 tempus
545 3796 664 3864 mutare,
690 3789 797 3869 optime
820 3788 904 3848 etium
923 3788 1082 3862 conveniet,
1114 3786 1244 3848 fidelihus

115 3867 235 3930 eandem
259 3871 388 3949 promitti
406 3889 494 3950 quarn
512 3877 579 3930 ante
597 3869 709 3950 experti
727 3873 809 3930 erant
828 3867 956 3948 gratiam,
984 3867 1023 3928 ita
1044 3885 1142 3928 sensus
1162 3873 1245 3941 esset,

113 3943 197 4008 Deus
225 3945 363 4010 hactenus
385 3949 507 4011 foederis
532 3949 575 4008 sni
594 3967 718 4023 memor,
746 3966 800 4009 nos
819 3950 957 4028 respexit:
987 3965 1056 4083 ergp
1080 3947 1140 4007 eius
1160 3945 1244 4006 hene-

113 4025 217 4101 dictio,
241 4028 324 4090 sicuti
344 4030 452 4110 coepit,
477 4028 514 4090 ad
532 4027 618 4088 linem
638 4046 730 4109 neque
748 4028 779 4088 in
797 4047 851 4090 nos
871 4027 983 4088 defluet.
1051 4026 1153 4086 undem
1173 4041 1244 4084 vero

113 4105 243 4168 ordinem
266 4109 379 4200 repetit,
407 4109 473 4168 filiis
491 4108 590 4170 Aaron
614 4108 788 4187 superiorem
814 4107 933 4189 gradum
957 4103 1084 4166 tribuens
1110 4105 1139 4163 in
1158 4102 1243 4164 hene·

112 4184 236 4246 dictione
254 4183 321 4262 Der,
340 4187 465 4250 larvatos
489 4194 584 4248 autem
603 4185 744 4248 Israelitas
768 4185 805 4250 ah
829 4205 863 4247 ea
887 4185 1050 4246 excludens.
1069 4203 1072 4209 ·
1090 4180 1170 4244 Dicit
1183 4207 1244 4264 pa·

110 4265 195 4326 sitlos
217 4289 284 4328 cum
303 4277 433 4349 magssts,
455 4266 509 4327 hac
533 4268 741 4328 circumstantia
766 4267 855 4345 magis
874 4263 1076 4340 commendans
1095 4270 1243 4343 paternam

109 4340 167 4406 Dei
186 4345 405 4430 indulgentiam:
424 4347 493 4430 quia
511 4366 548 4410 ne
566 4345 717 4432 uilissimos
737 4345 852 4430 quidem
870 4342 1174 4488 ctocontemptissimos
1193 4361 1244 4406 nc·
