2862 4888
171 265 208 324 gg
592 255 882 305 nortvinus

172 396 242 448 tune
266 388 377 448 antuus
403 385 565 446 intuebatur
583 381 640 444 Dei
666 382 817 458 benetieia',
844 403 917 465 quae
936 384 1026 444 lenire
1045 383 1093 443 vel
1113 385 1242 444 minuere
1261 381 1311 442 do·

105 485 111 495 ·
172 470 263 528 loram
282 465 410 528 noudum
430 471 571 546 poterant.
601 463 656 524 Hic
674 466 857 546 verounipit
877 465 1044 544 quasicerta
1064 459 1226 524 testimonia
1246 481 1312 542 per·

172 555 276 629 petum
296 547 414 626 gratiam
438 551 467 606 ct
486 545 552 604 ideo
575 542 772 624 vehementiae
795 561 885 616 cauea·
900 545 1071 603 senteutiam
1090 543 1205 623 repetit,
1224 543 1313 602 inter·

195 627 266 700 uuita
286 627 370 687 etiam
391 625 608 686 asseveratione.
648 621 722 684 Nam
742 623 881 706 particula
901 626 941 692 Ὁ
963 622 1018 682 hoc
1037 622 1102 683 loco
1112 630 1224 682 tantum
1244 639 1312 682 eou-

171 649 277 777 demat,
297 705 344 766 vel
363 703 526 786 amplificat.
566 700 643 784 Ergo
664 705 745 784 quasi
765 705 857 764 victor
876 701 1001 763 exsultat
1025 704 1055 764 in
1080 703 1219 763 memorio
1243 720 1313 781 ope·

173 781 239 846 rum
259 784 330 846 Dei:
350 785 417 864 quia
437 791 516 845 certo
535 801 687 864 persuasus
707 789 751 844 eat
769 782 926 842 nonalium
945 781 1008 842 lore
1057 800 1104 842 am
1124 800 1159 842 ee
1175 780 1211 842 alr
1231 783 1313 842 initio
1426 791 1427 860 ζ

173 865 306 926 ostendit.
346 863 480 924 Secundo
505 870 601 924 autem
625 861 752 924 memhro
777 861 929 942 magnifice
952 863 1065 923 extulit
1089 880 1177 942 quum
1202 863 1231 920 in
1252 861 1312 920 auis

173 944 496 1086 illitaendffedmmm
514 945 641 1004 exseruit
661 941 748 1002 Deua.
773 939 861 1002 Ponit
885 939 1002 1022 quidem
1025 965 1170 1002 amenum
1194 940 1242 1000 vel
1261 941 1324 1000 rui-1
1426 963 1427 992 1

374 1029 484 1084 mutato
508 1022 628 1084 dumeto
653 1021 855 1082 obscuritatem
874 1023 1015 1103 corrigere
1034 1017 1094 1082 nuli
1114 1021 1256 1081 dubitari:
1277 1020 1312 1080 ei·
1426 1093 1427 1098 ἵ

122 1141 124 1148 ,
174 1108 233 1166 nuti
253 1107 338 1164 etiam
359 1101 446 1184 paulo
465 1109 532 1184 poet
550 1101 652 1161 eodem
671 1121 791 1162 numero
815 1102 950 1182 singulari
971 1101 1052 1181 plura
1076 1102 1212 1162 miracula
1231 1106 1311 1160 nota·
1426 1142 1427 1186 ι

173 1185 233 1244 bit·
264 1184 384 1262 Summa
408 1188 465 1257 eet,
489 1181 638 1242 mirificam
663 1180 719 1242 Dei
744 1183 879 1242 virtutem
905 1199 962 1262 qua
988 1194 1100 1261 temper
1120 1200 1188 1240 neue
1215 1185 1259 1239 eat
1283 1181 1314 1240 iu
1426 1187 1427 1212 ³

174 1265 280 1324 tuenda
305 1283 422 1322 enorum
442 1263 542 1336 salute,
567 1263 591 1322 ei
611 1261 698 1321 modo
738 1260 807 1322 robe
827 1281 844 1322 a
863 1260 945 1321 nobie
965 1261 1151 1342 expenditur,
1177 1258 1314 1320 euffioere

173 1343 210 1404 ad
230 1342 405 1427 superandos
431 1361 531 1403 ornnes
556 1341 680 1402 dolores.
718 1283 747 1401 fi

174 1441 294 1504 operum
316 1421 370 1482 Dei
390 1418 551 1482 reeordatio'
569 1441 630 1482 uon
649 1421 715 1480 uatis
736 1421 834 1481 afferat
859 1419 942 1481 nobie
959 1421 1062 1492 dolatii,
1086 1419 1255 1480 luctandum
1273 1425 1314 1479 tu·

171 1501 241 1564 'men
261 1522 331 1574 esec,
351 1521 388 1562 ne
407 1503 501 1561 taedio
521 1501 693 1581 frangamur,
713 1503 794 1582 quud
803 1501 952 1581 diligenter
960 1500 1118 1560 notandum
1138 1507 1189 1560 eat.
1221 1496 1312 1580 Opta·

174 1601 239 1644 mue
259 1601 371 1661 semper
390 1583 420 1640 in
440 1581 540 1642 dolore
558 1583 681 1662 reperire
695 1581 772 1662 quod
782 1581 964 1643 acerbitatem
983 1582 1106 1660 mitiget:
1128 1580 1199 1640 haec
1217 1586 1313 1638 autem

175 1669 220 1724 est
239 1662 322 1722 unice
341 1662 424 1733 ratio,
449 1681 532 1721 curae
550 1667 662 1722 nostrae
686 1661 801 1720 reiicere
821 1661 850 1720 iu
863 1659 968 1719 Deum.
989 1661 1079 1740 Atqui
1099 1678 1185 1742 caepe
1204 1652 1313 1720 eontin-

176 1748 234 1820 get,
254 1739 360 1813 Deum,
381 1761 439 1820 quo
459 1744 575 1821 propina
596 1739 712 1812 accedit,
732 1740 901 1822 inspeciem
921 1757 1026 1820 augere
1046 1746 1143 1801 nostra
1162 1737 1313 1800 tormenffl.

175 1821 260 1882 ltlulti
281 1822 384 1901 igitur,
409 1820 523 1900 quaudo
549 1819 602 1880 hae
621 1821 668 1879 via
693 1817 764 1878 nihil
783 1819 946 1900 proliciunt,
967 1819 1037 1878 nihil
1057 1818 1112 1879 ribi
1132 1826 1233 1899 putant
1252 1837 1316 1880 eece

747 1343 794 1400 ine
819 1360 891 1401 vero
910 1341 1061 1416 discamus,
1084 1338 1151 1400 licet
1169 1341 1315 1400 interdum
1426 1375 1427 1384 ι

175 1901 277 1962 melius
299 1916 385 1979 quam
406 1899 501 1960 Deum
521 1899 658 1960 oblivisci.
697 1898 741 1959 ltu
760 1897 881 1959 verbum
901 1901 962 1960 eiua
977 1898 1138 1972 tmtidiunt,
1163 1900 1243 1958 cuiue
1263 1916 1315 1957 au·
1426 1947 1427 1956 ,

176 1982 238 2042 ditu
257 1982 347 2060 magio
366 1979 553 2040 exacerbatur
571 1997 670 2040 eorum
690 1979 804 2038 tristitia
829 1999 916 2059 quam
935 1979 1093 2039 dulcescat:
1117 1981 1176 2038 imo
1195 1979 1316 2058 eupiunt

140 2063 143 2070 '
176 2059 274 2121 Deum
294 2061 394 2142 procul
414 2059 552 2124 laomsere
577 2060 627 2139 qul
652 2061 692 2120 ita
716 2058 863 2118 exulcerat
888 2065 918 2118 et
940 2059 1098 2119 inflammat
1116 2059 1245 2140 iptorum
1264 2057 1341 2118 do·-

175 2139 261 2200 lorea.
301 2139 359 2200 Alii
384 2145 416 2199 nt
440 2138 579 2220 repeliunt
602 2139 867 2212 erameniorum,
891 2145 968 2198 totos
993 2157 1024 2197 ee
1049 2138 1174 2218 profanis
1193 2155 1317 2219 occupa·

176 2219 302 2280 tionibus
321 2217 465 2280 addicunt
481 2281 483 2294 ⁴
505 2215 603 2298 Longe
623 2217 705 2278 aliter
723 2217 882 2298 Propheta:
908 2218 958 2297 qui
984 2218 1037 2278 etei
1055 2238 1115 2277 non
1134 2220 1230 2278 atatim
1249 2238 1317 2298 pro·
1426 2263 1427 2266 ,

176 2299 284 2360 lectum
304 2299 420 2378 qualem
439 2297 555 2378 optabat
566 2305 702 2380 expertus
716 2305 769 2372 eat,
788 2317 847 2358 non
868 2295 1074 2358 tamenDeum·
1090 2297 1143 2357 eibi
1162 2305 1229 2358 aute
1248 2316 1317 2357 oeu-

176 2379 222 2438 los
242 2383 366 2439 statuere
386 2377 506 2438 destitit:
525 2377 680 2460 prudenter
698 2377 753 2438 hau
771 2379 943 2459 cogitatione
957 2376 1044 2440 fidem
1063 2397 1146 2438 enam
1164 2378 1315 2446 statuens.

177 2455 257 2536 Quia
280 2457 361 2517 Deus
385 2459 512 2517 animum
537 2463 566 2516 et
590 2458 734 2536 ingenium
757 2477 818 2517 non
842 2465 949 2530 mutat,
974 2457 1037 2518 fieri
1062 2477 1122 2517 uon
1142 2476 1224 2538 perae
1244 2457 1316 2536 quin

80 2598 84 2604 Χ
176 2539 236 2598 auio
256 2537 370 2598 tandem
390 2544 525 2618 appareat
543 2538 694 2617 propitius.
723 2535 875 2596 Diueamue
889 2539 985 2611 ctiam,
1004 2537 1041 2596 ad
1051 2539 1186 2597 intuitum
1195 2555 1317 2618 operum

178 2615 236 2678 Dei
255 2617 366 2696 aperire
391 2616 500 2690 oculor,
525 2635 649 2696 quorum
675 2618 846 2696 praestantia
871 2622 991 2697 propter
1014 2615 1214 2677 hehetudinem
1233 2609 1316 2678 notit

177 2697 298 2769 vilescit,
318 2715 392 2776 quae
411 2702 536 2758 altentoe
555 2698 585 2754 in
605 2698 648 2755 eui
659 2695 873 2756 admirationem
893 2697 992 2777 rapiet.
1022 2695 1101 2758 ldem
1120 2698 1317 2778 repetitvcrau

178 2776 357 2848 duodecimo,
368 2795 398 2834 se
408 2776 437 2834 in
447 2774 501 2835 hac
512 2769 698 2836 meditatione*
703 2776 764 2836 lore
778 2776 932 2848 assiduum,
953 2775 1317 2872 doncelegitimutempore
1426 2779 1427 2786 ’

178 2863 324 2917 maturum
343 2855 404 2937 cipe
424 2855 550 2916 fructum
570 2855 648 2936 perci
670 2855 718 2913 iat.
749 2853 822 2914 Natu
842 2854 921 2936 quod
941 2854 1011 2914 nihil
1028 2856 1113 2916 nobie
1129 2865 1254 2996 prosunt
1272 2863 1317 2917 tot

179 2936 286 3076 ote
299 2933 362 3074 u
376 2934 640 3076 ιιιιιι
655 2933 1119 3076 remetiar,
1137 2937 1318 3078 ιιιι

178 3035 248 3177 iddio
268 3035 412 3174 principiis
431 3035 655 3154 monuerimus)
1120 3035 1136 3097 9
1210 3057 1219 3094 ’

172 3249 187 3272 ¹·
260 3173 308 3270 tl.
333 3177 418 3234 Dour
431 3181 476 3268 'io
504 3179 696 3268 dormitanti.
727 3171 787 3270 Qui
807 3179 919 3314 ΨἾΕΞ
940 3181 1071 3272 vertunt,
1100 3173 1133 3234 lu
1158 3175 1319 3272 sanctitate,

53 3307 58 3322 ,
176 3251 323 3315 adfuerunt
347 3259 458 3313 eoacti:
480 3272 548 3332 quia
572 3255 685 3313 videtur
710 3253 811 3334 frigida
835 3273 896 3314 ese
921 3263 950 3314 et
974 3274 1068 3314 ieiuna
1092 3255 1233 3334 loquntro,
1260 3255 1320 3316 Der

149 3401 152 3407 ,
177 3335 240 3392 viae
259 3333 289 3391 in
309 3329 478 3392 Sanctuario
499 3351 570 3392 eree.
610 3332 669 3394 Sed
689 3335 757 3414 quia
776 3333 833 3394 hoc
852 3335 925 3408 ratio
948 3333 1154 3396 Grammaticae
1173 3337 1224 3394 rix
1244 3337 1318 3414 pati·

178 3419 235 3487 tnr,
255 3412 411 3472 videndum
430 3418 473 3472 est
492 3432 588 3472 aunon
607 3431 646 3472 ex
665 3414 787 3494 genuina
798 3415 920 3474 nominis
930 3415 1136 3495 significatione
1155 3411 1232 3474 utilia
1252 3414 1319 3474 elici

178 3497 267 3632 ssneat
286 3493 424 3588 doetrina3
454 3487 543 3630 (guod
563 3493 680 3589 quidam
699 3493 848 3588 abruptam
868 3494 1104 3611 gxelamadonem
1123 3512 1185 3554 esee
1203 3491 1319 3610 volunt,

209 3591 260 3631 ene
282 3591 336 3651 qni
359 3589 390 3630 ee
415 3590 445 3630 un
488 3578 649 3646 auctuario,
674 3593 693 3632 o
719 3593 782 3633 viae
802 3580 883 3632 tuae.
907 3573 977 3633 milii
1001 3593 1059 3632 non
1080 3573 1228 3654 probatur.
1249 3587 1319 3652 quia

176 3651 221 3712 illi
241 3669 358 3732 quoque
378 3651 518 3711 violenter
536 3657 674 3731 torquent
693 3650 855 3733 Prophetae
874 3652 971 3714 verba.
1001 3651 1161 3734 Unoigitur
1180 3656 1320 3713 contextu
1426 3693 1427 3696 =

179 3731 332 3811 legendum
352 3737 397 3790 est
415 3729 471 3790 hoc
481 3730 649 3807 membrum,
669 3739 698 3792 et
717 3753 824 3794 nomen
839 3731 1000 3792 Sanetuarii
1019 3732 1066 3792 vel
1086 3753 1139 3813 pro
1160 3734 1251 3804 coelo,
1271 3733 1320 3792 vel
1426 3769 1427 3778 ι

178 3829 238 3892 pro·
254 3809 363 3891 templo
384 3812 502 3891 eapitur.
542 3809 604 3892 Ego
625 3820 720 3872 autem
740 3811 776 3870 ad
796 3812 909 3876 coelum
928 3812 1034 3872 referre
1052 3813 1140 3887 malo,
1165 3821 1198 3872 ut
1218 3833 1318 3873 sensus
1426 3868 1427 3886 ,

179 3891 227 3962 ait,
251 3891 311 3949 viae
333 3887 389 3948 Dei
414 3891 472 3950 ulte
497 3911 584 3970 eupra
604 3893 743 3951 mundum
770 3891 919 3966 excellere,
937 3899 972 3951 nt
991 3911 1107 3952 necesse
1127 3895 1164 3952 uit
1184 3911 1318 3953 conruen-

180 3969 249 4030 dere
269 3987 355 4048 snpra
369 3988 476 4030 >omues
495 3971 600 4039 coeloe,
620 3971 643 4030 ai
665 3974 794 4052 cupimus
814 3991 861 4031 eae
871 3981 939 4032 vere
949 3991 1128 4052 cognoscere.
1158 3971 1221 4032 Elei
1240 3973 1318 4031 enim

118 4119 128 4130 ,
178 4049 277 4144 reliqua
296 4067 334 4108 ex
355 4055 433 4128 parte
453 4048 535 4108 uubis
554 4049 704 4110 manifesta
729 4059 795 4112 sunt
814 4049 870 4110 Dei
891 4070 988 4132 opera,
1012 4053 1113 4111 notitia
1133 4057 1228 4112 tamen
1248 4051 1320 4111 haec

178 4128 253 4188 mira
272 4128 440 4188 immeumm
465 4147 564 4188 eurum
590 4129 767 4190 altitudinem
790 4131 876 4211 longe
901 4129 1030 4190 subsidit.
1071 4129 1257 4211 Adde'quod
1282 4149 1319 4190 ne
1426 4135 1427 4212 j

179 4207 435 4344 minimohquidcm
455 4214 541 4288 gustu
559 4208 694 4290 fruuntur
712 4211 767 4270 nisi
787 4211 838 4291 qui
856 4209 913 4271 fide
932 4211 962 4270 in
982 4211 1095 4308 eoelum
1111 4215 1271 4306 adsurgunt,
1290 4215 1321 4270 et
1426 4261 1427 4279 ,

179 4291 1320 4454 tt‘tpttiltt‘titztfflpttttttt'tttltttttftl'tt
