2816 4880
420 288 464 328 ιιι
493 288 651 330 renen.
679 287 808 338 cxxxix.
1169 295 1221 352 471

83 411 222 476 subiicere
250 409 340 474 oorlio
369 411 443 486 ouis,
473 417 507 474 ut
534 430 572 474 ne
600 417 792 478 ueneremur
818 413 930 492 quitlero
951 413 1053 480 lineum
1075 417 1221 483 esscetot

42 543 44 548 .
84 499 206 573 queant,
226 493 279 552 niel
299 491 362 570 ipeo
381 493 505 560 eonuoio.

163 575 193 636 6.
212 573 365 634 Mirubtlr'e
383 575 557 652 fontenet.
596 568 770 632 Pertieulnn
791 573 884 653 ³200
904 572 1016 636 duobus
1035 576 1128 638 orodis
1147 581 1220 638 noei-

83 671 167 732 pere:
193 651 259 712 lieet
276 669 381 731 nempe
401 651 484 731 quod
498 651 614 712 eoieutie
634 649 691 712 Dei
710 651 845 714 mirabilia
862 654 915 712 eil:
944 673 981 714 ex
1001 654 1124 718 hominis
1144 677 1218 718 ouen

83 731 174 794 lione:
205 732 287 800 riopti
314 733 399 792 veteri
420 730 571 810 proverbio
592 738 729 793 vocarunt
748 731 893 797 hominem
910 735 1123 812 μιρόιωσμονι
1152 740 1219 818 quin

82 812 132 872 ubi
162 816 327 890 reputemur
355 817 463 890 quento
488 809 607 872 artifieio
632 812 881 890 compositumne
902 833 1005 894 corpur
1025 815 1163 884 hominio,
1192 825 1221 876 et

81 889 185 970 quibu·
203 888 316 953 dotibus
335 889 428 951 auimo
447 889 580 960 exorto,
608 909 723 953 neeesse
742 895 786 952 ert
805 893 887 972 qunti
906 893 1043 956 thonius
1056 896 1127 974 rupi.
1159 895 1218 958 Sed

82 976 234 1035 eonwxluo
264 969 403 1036 divemur
432 971 601 1054 seutentiopr
620 971 716 1050 exigit.
756 967 851 1034 Dario
871 973 946 1034 enirn
966 976 1101 1054 proeeqoi
1117 977 1219 1036 rolens

82 1049 161 1130 quod
182 1048 596 1124 teneraemondani,
626 1068 775 1130 perperene
795 1057 825 1112 et
843 1052 929 1112 eluite
947 1050 1041 1114 lutere
1060 1056 1110 1134 qui
1128 1057 1220 1124 ruetirr'
1276 1123 1279 1130 ¹

82 1130 186 1192 volunt
206 1127 259 1188 Doi
280 1131 425 1191 scientiore
444 1149 500 1198 ouo
520 1129 652 1204 modulo,
676 1151 765 1210 quoru
785 1129 952 1202 utentior
970 1150 1057 1212 supra
1076 1153 1130 1193 noe
1148 1137 1218 1197 emi·

81 1216 158 1272 nent.
189 1207 265 1288 Quia
285 1211 359 1277 enirn
381 1209 429 1274 ubi
451 1208 505 1271 Dei
525 1209 557 1272 fit
575 1211 692 1282 mentio,
713 1209 795 1278 nutri
813 1229 850 1270 ex
870 1229 923 1274 ruo
942 1211 1055 1290 'eugenio
1074 1213 1212 1276 indicium

81 1290 187 1350 ierunt:
216 1289 288 1352 beer
305 1291 449 1384 temeritate
468 1290 571 1351 merito
590 1288 769 1384 ouerquqodr
789 1289 851 1384 luit.
887 1288 1123 1386 NouplurDeo
1143 1313 1211 1372 eog-
1251 1365 1258 1381 Ι

79 1368 530 1510 ἓῗ.“ἶ.“”ῗ.ῗι.ἓ”’ἔῗὲῖ““ἑὶὲ
548 1377 874 1528 ffifflliild,
896 1369 991 1530 ¹3:12?
1004 1378 1111 1512 titt
1127 1392 1215 1514 tiit

78 1549 112 1590 oe
137 1528 229 1590 verbis
248 1545 332 1608 poure
352 1529 466 1607 uerequi
484 1527 541 1586 boe
560 1529 656 1608 ipeuru
675 1527 712 1588 de
730 1547 789 1607 qno
810 1528 935 1603 diruerit,
964 1528 1030 1592 Deo
1049 1532 1156 1592 eoilioet
1175 1533 1214 1592 ui·

77 1608 120 1668 bil
139 1627 202 1668 eree
221 1607 430 1668 absconditum:
460 1609 527 1686 quie
546 1607 632 1668 buiue
651 1609 784 1666 eoientiee
804 1609 898 1668 nullus
918 1610 1094 1685 ailnodus,
1118 1610 1164 1674 vel
1183 1610 1216 1672 li·

77 1689 133 1748 nir.
178 1686 278 1766 ltaque
297 1686 367 1746 nibil
386 1686 439 1748 eibi
458 1706 520 1747 esee
540 1687 699 1762 reticium,
718 1687 773 1746 uiri
793 1693 826 1746 ut
844 1707 914 1750 eune
930 1687 1130 1750 imbecillitatis
1149 1709 1219 1752 oon·

75 1769 174 1841 ueiuo,
198 1773 306 1828 teutnn
326 1765 503 1838 altitudinem
521 1773 683 1828 reverenter
701 1766 845 1846 suspiciet.

170 2017 200 2085 7.
220 2019 297 2103 Quo
324 2018 503 2108 proiieisoer
524 2041 542 2083 a
564 2017 684 2110 Spiritu
705 2018 786 2085 tuo?
812 2028 850 2085 etx
866 2039 932 2108 quo
955 2041 973 2085 a
995 2019 1073 2090 lucie
1094 2031 1148 2088 tua
1171 2022 1215 2088 lu-

77 2123 184 2218 giam?
228 2126 259 2190 8.
282 2122 317 2190 Si
345 2123 535 2190 adscendero
554 2117 587 2190 ib
610 2123 731 2206 coelos,
763 2123 825 2190 illic
846 2131 881 2189 tu
903 2145 953 2191 es:
986 2124 1159 2193 siiaeuero
1182 2129 1214 2194 in

76 2229 233 2322 sepulcro,
254 2253 327 2298 eece
350 2240 394 2298 tu.
417 2229 471 2296 .9.
493 2229 628 2298 Sumam
650 2228 714 2296 elno
736 2250 867 2298 aurorae
889 2240 925 2298 ut
945 2227 1084 2300 habitem
1106 2231 1139 2300 io
1161 2256 1213 2300 ex·

75 2339 185 2406 tremie
206 2337 315 2402 murier
362 2336 413 2402 10.
436 2333 540 2401 Etiam
562 2334 636 2403 illue
657 2355 771 2402 menne
792 2345 847 2403 tou
868 2335 1002 2404 deducet
1023 2359 1090 2420 me,
1117 2349 1149 2405 et
1170 2349 1211 2406 te
1291 2363 1296 2376 ·

74 2441 164 2511 nebit
184 2465 237 2509 me
260 2441 389 2509 dexteru
413 2451 475 2508 tua.
523 2442 574 2508 11.
598 2439 634 2508 Si
656 2441 783 2526 dixero,
815 2439 936 2516 Saltem
969 2444 1115 2511 tenebrae
1139 2467 1213 2534 ope·

71 2549 156 2620 rient
182 2571 249 2616 rne:
277 2558 310 2614 et
332 2571 399 2615 nox
420 2547 477 2614 lux
499 2571 557 2637 pro
579 2572 631 2616 me
654 2547 720 2617 erit.
770 2547 822 2614 12.
845 2545 949 2616 Etiam
976 2549 1122 2622 tenebrae
1143 2574 1210 2618 nou

70 2652 324 2724 obtenebrabunt
344 2653 401 2720 ube
423 2662 473 2736 te,
505 2661 538 2721 et
559 2677 627 2721 nox
649 2653 739 2744 quusi
761 2653 829 2722 dieo
849 2653 1090 2738 illuminabitur,
1112 2667 1145 2725 et
1166 2668 1209 2724 te·

66 2763 144 2830 brae
165 2759 246 2855 sicut
267 2759 334 2826 lux.

153 2945 183 3010 ’7.
204 2953 271 3022 Quo
287 2949 472 3028 preficieeor.
513 2926 713 3028 Prosequitur,
732 2967 797 3008 meo
816 2947 935 3019 iudicio,
955 2945 1050 3010 Devid
1069 2947 1144 3010 idem
1165 2967 1207 3010 er·

73 3033 256 3110 gementum,
284 3027 356 3088 nibil
378 3027 517 3109 profluere
536 3027 594 3088 onie
623 3026 804 3110 subterfugiis
832 3026 961 3088 homines
981 3027 1049 3088 dum
1069 3035 1208 3090 conentur

73 3105 201 3202 ellegere
221 3104 274 3166 llei
303 3107 410 3170 oeulos.
449 3113 582 3188 Spiritus
610 3127 669 3168 non
693 3107 857 3190 simpliciter
881 3127 934 3188 pro
960 3109 1065 3170 virtute
1090 3107 1136 3167 bio
1156 3129 1206 3188 po·

74 3193 168 3259 nitur,
197 3191 229 3279 ul
249 3185 416 3280 plerumque
444 3187 473 3248 in
493 3187 661 3266 Scripturio:
691 3187 741 3246 red
769 3207 823 3267 pro
852 3195 946 3249 mente
965 3195 995 3246 et
1013 3186 1205 3266 intelligentia.

74 3264 150 3327 Nem
175 3283 241 3344 qure
261 3284 290 3324 ru
308 3263 424 3327 horurne
443 3267 524 3328 redeo
542 3267 742 3360 intelligentiae
760 3272 803 3326 eet
822 3266 951 3362 opineris,
982 3265 1037 3366 bpc
1055 3266 1091 3325 ud
1111 3265 1208 3361 Deuqr

74 3343 531 3504 lttltttitltbtbi‘
564 3344 752 3497 ritib?
766 3343 928 3507 ttl‘idt
944 3346 1207 3483 ttttt‘tttb

75 3511 187 3567 mutere
214 3504 285 3582 quin
315 3501 395 3564 Deus
425 3501 641 3582 euirqndvertut:
670 3504 729 3563 imo
754 3501 907 3586 lugientem
933 3509 1119 3582 persequutor
1147 3505 1206 3562 eois

46 3633 49 3639 .
76 3583 176 3644 oeulis.
216 3581 228 3641 l
279 3601 321 3654 up
339 3583 376 3642 ud
399 3583 573 3665 prebendam
597 3585 737 3644 eruenda
753 3581 810 3642 Dei
829 3583 1045 3642 immendtetnn
1066 3582 1138 3642 rnale
1158 3583 1207 3642 de·

74 3671 168 3729 tortus
192 3662 247 3724 tuit
290 3664 316 3726 'e
334 3662 430 3738 treus,
460 3665 526 3744 quie
550 3666 603 3736 etei
622 3665 738 3725 minime
757 3661 874 3724 dubium
892 3668 937 3722 eet
955 3663 1025 3742 quin
1045 3659 1101 3722 Dei
1121 3664 1206 3722 moie-
1322 3664 1331 3682 ⁶

74 3752 133 3805 rtur
154 3743 265 3804 eoelum
285 3749 314 3804 et
333 3749 438 3805 terrem
456 3744 581 3825 impleut,
600 3743 677 3804 uliud
697 3750 792 3804 temen
811 3741 903 3802 voluit
922 3739 1031 3802 David:
1051 3762 1204 3822 quemcun-

74 3843 131 3904 que
151 3822 285 3905 engulum
305 3822 418 3884 latebris
437 3825 601 3904 captaverit,
621 3842 653 3884 ee
672 3822 852 3883 menifestum
871 3819 1018 3895 ioreDeo‚
1038 3821 1205 3880 euiusooull

74 3905 187 3964 eoelum
207 3910 236 3963 et
256 3903 361 3964 inleror
381 3909 536 3985 penetrent.
576 3901 717 3982 Quemvis
735 3921 804 3982 ergo
823 3921 908 3984 eupru
928 3900 1136 3975 oooloeerolet,
1156 3907 1207 3959 unt

72 3987 102 4044 in
128 3985 234 4044 ultimis
259 3983 368 4062 ebyerir
393 3984 494 4058 latent,
523 3983 590 4045 dieit
609 4001 723 4047 eunom
741 3989 771 4042 et
790 3981 922 4046 deorsum
943 3981 1039 4042 omnin
1058 3999 1119 4042 esee
1141 3979 1204 4040 lieo

72 4065 233 4143 eonepioou.
273 4063 305 4124 ln
335 4063 386 4124 elie
415 4082 535 4124 aurorae
559 4063 604 4124 vel
624 4061 733 4124 luciferi
752 4063 850 4144 pulcra
869 4060 1096 4136 erttrnuelutio,
1113 4059 1206 4121 niurul

71 4144 147 4204 euim
167 4162 201 4203 ne
220 4142 272 4204 Sol
291 4145 374 4204 terrie
393 4145 536 4220 exoritur,
555 4163 612 4204 nou
632 4163 715 4204 neone
734 4162 769 4203 ee
787 4142 934 4204 celerrimo
956 4140 1051 4202 voluto
1065 4139 1202 4220 opleodo·

70 4243 132 4283 rem
162 4241 246 4290 tuum
275 4231 391 4304 repente
415 4225 446 4288 in
475 4243 575 4284 omues
599 4223 698 4286 muudi
717 4224 814 4308 plagas
834 4220 1007 4282 transmittit.
1047 4217 1085 4280 Et
1104 4219 1203 4278 eudem
1319 4225 1325 4236 ⁴
1374 4213 1382 4238 ¹

67 4305 152 4366 etium
171 4301 337 4384 netrpboru
355 4303 480 4366 occurrit
498 4301 657 4424 ildnobirq
671 4307 701 4381 3,
720 4311 749 4368 2.
788 4301 909 4364 Summe
926 4305 983 4378 est,
1012 4299 1120 4365 etiarnsi
1140 4299 1223 4408 quie¹
