2884 4886
510 299 556 340 rr
580 298 742 342 aaron.
769 299 875 342 cxvnr.
1201 307 1257 364 323

122 421 260 482 Ceternm
289 417 374 480 nobis
402 424 465 479 toto
483 414 571 480 strar
590 422 735 484 mrrtcoto
759 417 901 482 cantilena
924 421 1001 482 boec·
1018 421 1180 486 meditanda
1203 435 1257 503 cm,

164 519 248 562 orum
269 501 327 559 rita
347 497 512 559 abscondita
531 505 576 558 ost
593 518 661 560 cnm
682 499 796 560 Christo
815 503 844 562 io
860 493 934 573 Uoc,
954 499 1064 562 Coloss.
1077 505 1105 574 3,
1115 509 1145 568 3.
1165 505 1256 586 Siqua

161 587 208 640 tar
231 579 375 640 interdum
399 577 552 652 manatio,
581 577 938 660 dicandumqaidem'erit
957 601 1023 642 cum
1043 580 1165 660 barido,
1193 605 1256 661 noa,
1308 617 1314 635 ι

121 661 174 740 qni
192 661 222 718 in
241 665 335 721 morte
354 657 482 718 conclusi
494 676 624 726 eramus,
640 677 788 736 emerpcre
800 659 837 718 ad
853 677 959 720 noram
973 662 1071 736 vitent,
1090 664 1139 723 sed
1159 673 1257 728 tamen

41 788 53 807 ,
121 739 235 800 assidue
253 757 310 819 per
323 737 431 798 mediae
451 736 582 798 tenebras
599 737 766 798 luctaardnm
785 745 844 798 eat:
873 742 941 819 qnia
962 739 1040 800 calm
1064 749 1162 804 nostra
1182 763 1257 824 quae

122 821 225 898 inape
244 817 368 896 reperite
387 821 440 889 est,
459 817 554 897 palam
574 819 728 898 conspicua
746 817 829 878 nobta
847 835 911 878 esec
925 837 984 879 non
987 827 1103 958 1potest.
1122 821 1257 884 Secunda

121 904 205 980 parto
223 913 324 956 veram
347 897 509 976 legitimum
532 897 654 956 ostendit
673 899 748 958 ritae
773 895 872 970 muni,
900 899 969 978 quia
1018 919 1069 960 eus
1089 902 1177 962 vitam
1195 905 1257 964 auia

14 1047 15 1050 Ἴ
124 990 184 1038 non
203 981 392 1056 promptim
410 981 579 1036 saturentur.
592 975 657 1036 cibo
675 982 707 1036 et
725 983 812 1056 potu,
839 976 980 1037 dormiant
1004 977 1094 1040 ultum
1113 1001 1256 1056 somnum,
1372 997 1384 1006 ·

121 1063 151 1115 ct
170 1055 301 1116 frnentur
319 1053 589 1134 terrenisomnibua
609 1058 781 1118 commodis:
805 1056 857 1116 scd
877 1057 1071 1118 ntoelebrant
1089 1061 1152 1120 eiua
1171 1060 1254 1122 bane·
1363 1078 1367 1090 ’

121 1133 195 1231 licia,
214 1133 320 1272 paitrus
338 1153 388 1228 eoa
408 1131 666 1214 quotidianorum
696 1153 765 1215 qua⁴
778 1135 814 1196 de
832 1155 865 1196 re
884 1135 1007 1198 diximus
1026 1135 1142 1200 Psalmo
1161 1145 1255 1202 ceute·

121 1219 453 1374 moltdmmcddtqghh
492 1291 548 1354 llic
570 1259 701 1374 agnoscit
723 1291 833 1367 David,
859 1269 996 1375 'quamvis
1024 1315 1090 1356 eum
1120 1265 1255 1360 iniuriosd

121 1371 218 1437 bootes
238 1374 275 1432 im
326 1379 415 1445 erent,
433 1379 580 1434 solamen
600 1374 775 1452 castigatum»
786 1373 873 1434 luisse
884 1372 940 1434 Dei
953 1375 1050 1436 ferulis
1069 1395 1122 1456 per
1140 1377 1255 1448 illorum

120 1471 237 1514 manna:
286 1451 368 1514 einde
386 1451 461 1514 baca
478 1451 566 1514 luisse
584 1459 732 1533 paternam
750 1455 977 1534 castigationem,
1006 1456 1073 1533 qnia
1095 1473 1157 1516 non
1181 1457 1254 1518 inssi-

121 1535 196 1594 xcrit
213 1530 296 1592 Dens
315 1533 475 1594 mortiferas
494 1531 601 1612 plagas,
619 1532 671 1592 sed
690 1533 854 1594 moderatus
873 1535 910 1594 ait
928 1535 1016 1612 rigori
1034 1553 1098 1594 sua.
1133 1535 1254 1596 Videtur

108 1618 216 1672 ‘autem
236 1617 415 1672 antevertere
433 1625 566 1693 perversa
586 1612 701 1683 iudicio,
725 1612 829 1691 quibus
849 1613 947 1672 odiose
966 1615 1057 1694 premi
1076 1633 1108 1674 aa
1126 1615 1253 1676 videbat:

121 1692 179 1750 acsi
199 1692 273 1752 mala
294 1693 390 1754 omnia
410 1709 483 1772 quae
503 1711 654 1772 perpessus
674 1691 774 1766 suerat,
795 1691 913 1753 totidem
934 1699 1028 1752 essent
1047 1687 1254 1774 reprobationis

120 1773 208 1850 signa.
249 1767 336 1854 Quod
357 1790 425 1852 ergo
445 1771 689 1832 calumniabantur
706 1771 836 1850 reprobi,
867 1770 1015 1850 retorquet
1033 1773 1063 1830 iu
1084 1775 1254 1834 coutrariam

119 1856 245 1930 partem,
269 1851 371 1911 leniter
393 1869 426 1908 se
445 1855 474 1910 et
493 1857 611 1930 paterno
629 1849 711 1910 mora
731 1849 817 1910 tuisse
836 1851 1006 1910 cor'rectum.
1045 1850 1110 1912 Hoc
1130 1853 1256 1932 primum

120 1937 165 1990 cst
184 1932 214 1988 in
233 1927 317 1990 rebus
335 1929 474 2002 advorsis,
504 1932 751 1991 utaciamaamoa
770 1929 912 1992 humiliari
932 1927 988 1990 Dei
1007 1949 1110 1996 manua
1137 1933 1255 1992 accedat

120 2009 221 2068 deinde
240 2011 375 2081 alterum,
395 2007 451 2069 hoc
470 2009 557 2068 modo
576 2007 691 2090 probari
710 2015 837 2070 noctram
856 2008 1060 2082 obedientiam,
1078 2030 1132 2070 nos
1152 2030 1254 2092 exper-

74 2121 77 2126 ·
112 2087 218 2167 gosseri
238 2108 255 2147 a
274 2089 361 2148 nimio
381 2095 512 2166 torpore,
543 2085 813 2166 cruciligi'veterem
833 2088 991 2158 hominem,
1021 2090 1135 2168 purgari
1154 2089 1253 2148 sordes

56 2187 59 2194 ’
119 2173 247 2238 nostras,
267 2169 331 2246 cogi
348 2187 402 2228 uos
422 2166 476 2226 suh
496 2165 552 2228 Dei
572 2167 755 2244 obsequium,
779 2174 812 2225 et
828 2167 966 2228 stimulari
981 2167 1022 2240 ad
1040 2169 1252 2228 meditationem
1320 2173 1326 2197 '

121 2245 344 2308 codeadsritae.
365 2245 439 2308 llam
458 2249 482 2306 si
501 2246 573 2306 haee
586 2249 701 2308 vcniaut
719 2245 802 2307 nobis
821 2247 851 2306 in
869 2252 1005 2317 mentem,
1024 2267 1109 2308 nemo
1128 2250 1183 2322 erjt
1201 2248 1257 2326 quir

119 2345 180 2386 non
199 2325 349 2386 exhorreat
368 2327 487 2386 fremere
506 2327 641 2386 adversus
662 2323 849 2398 Deum,imo
869 2327 1014 2405 capotius
1034 2328 1155 2406 quisque
1174 2345 1252 2386 man·
1281 2369 1286 2386 .

120 2411 203 2464 sueto
222 2407 322 2484 spiritu
340 2407 479 2466 subiiciet.
518 2405 557 2464 Et
575 2411 653 2466 certe
672 2405 751 2485 qnod
781 2405 893 2464 henum
916 2405 1088 2477 arrodimua,
1113 2405 1159 2466 vel
1185 2424 1251 2484 pru·

118 2485 278 2564 rumpimus
297 2485 334 2544 ad
353 2486 567 2568 impatientiam,
587 2486 654 2568 inde
672 2485 819 2564 contingit,
838 2483 918 2563 quod
936 2485 1028 2546 maior
1046 2503 1112 2565 para
1131 2503 1190 2546 con
1209 2501 1252 2544 re·

118 2570 203 2645 putat
219 2563 389 2626 alllirliones
409 2585 472 2625 asae
492 2563 548 2626 Dei
568 2564 686 2627 serulus:
716 2565 764 2623 alii
784 2583 851 2623 vero
877 2571 1021 2642 paternam
1041 2565 1102 2624 cius
1120 2565 1251 2627 modera-

118 2647 226 2704 tionem
246 2665 305 2704 noa
325 2652 448 2724 gustant.
484 2644 583 2722 Quare
601 2643 658 2706 boc
677 2643 832 2704 secundum
850 2642 1013 2704 membrum
1033 2643 1181 2722 diiigenter
1199 2663 1252 2702 no·
1289 2650 1295 2662 '

117 2725 236 2786 tandum
256 2725 483 2798 aab.elementer
501 2743 615 2804 semper
632 2741 717 2802 agere
728 2721 823 2784 Deum
842 2741 909 2788 cum
928 2723 996 2792 suia,
1016 2728 1049 2782 ut
1068 2723 1251 2802 percutiendo

118 2811 213 2867 saneta
233 2823 293 2864 non
313 2805 391 2882 quod
410 2823 523 2884 semper
541 2803 677 2882 appareat
697 2809 813 2880 paterna
834 2803 894 2862 eius
913 2801 1101 2883 indulgentia:
1120 2803 1171 2862 sed
1183 2803 1251 2876 ‚eri-

117 2889 166 2945 aaa
185 2883 299 2944 tandem
319 2885 508 2958 demonstrat,
528 2884 600 2948 adeo
619 2903 679 2942 non
697 2883 785 2942 briaae
804 2881 931 2942 exitiales
950 2881 1063 2962 plagas,
1083 2888 1117 2940 ut
1134 2881 1251 2944 medici-

116 2981 171 3022 nae
195 2964 258 3024 rica
282 2963 401 3035 turrim,
430 2979 505 3042 quae
533 2981 587 3022 nos
616 2961 652 3022 ad
677 2963 812 3042 exiguum
835 2968 951 3042 tempus
967 2960 1126 3036 demittam,
1145 2961 1251 3044 sanatis

115 3043 221 3105 noum
239 3043 314 3102 uitiis
325 3043 472 3122 ,integrum
492 3043 620 3120 vigorem
639 3042 721 3100 nobis
740 3042 909 3102 restitueret
1168 3040 1171 3050 '

196 3123 244 3184 19.
275 3126 405 3203 Aperite.
444 3121 498 3182 llic
521 3121 575 3182 reli
600 3119 702 3180 ardore
725 3121 886 3200 prorumpit
908 3119 1004 3180 David
1029 3120 1065 3180 ad
1090 3119 1249 3182 losmndanr
1322 3170 1327 3189 ,

115 3203 438 3342 titillata
458 3201 526 3342 dli
546 3194 895 3340 &limittit
913 3199 1006 3338 tlt
1024 3201 1250 3338 titlrilliml
1317 3219 1320 3230 ’

115 3359 228 3439 publice
248 3357 312 3422 Deo
332 3301 586 3443 patioa'acrurhm
606 3361 635 3418 in
654 3359 682 3419 le
702 3359 780 3418 ilirno
804 3299 919 3437 piorurh
941 3299 1034 3418 coeth.
1074 3298 1250 3436 Quauqbahs

115 3445 210 3499 aulem
230 3460 267 3500 ex
286 3460 368 3503 more
386 3440 556 3502 Sacerdotes
575 3381 794 3520 pomsdempli
814 3436 977 3516 aperiebant
997 3435 1115 3514 populo,
1135 3437 1251 3506 videtur
1311 3463 1314 3477 ·

115 3525 211 3580 tamen
231 3520 356 3582 alludere
375 3519 471 3580 David
491 3520 527 3580 ad
548 3521 712 3581 diuturnum
731 3535 816 3578 auum
836 3516 963 3590 exilium,
981 3522 1068 3594 atque
1088 3515 1161 3574 hano
1180 3533 1247 3576 eon·

48 3615 56 3633 1
115 3599 254 3660 iacturam
273 3601 373 3662 melius
394 3599 710 3678 confirmatproximus
730 3615 839 3658 verane.
875 3593 976 3672 Quum
994 3611 1063 3673 ergo
1083 3594 1133 3654 din
1152 3593 1247 3672 probi·
1358 3641 1365 3654 .

115 3675 190 3738 bitus
209 3686 282 3740 essct
301 3681 337 3740 ab
357 3697 473 3741 aecemu
488 3677 658 3751 Sanctuorit,
676 3679 734 3738 imo
755 3677 882 3754 privatus
902 3675 962 3734 ciue
983 3681 1151 3752 conspectus
1170 3693 1248 3732 nuno
1277 3677 1282 3691 '

114 3755 238 3818 laetatur
261 3778 296 3819 ae
318 3758 477 3838 triumphat
501 3778 532 3818 ce
556 3759 718 3826 admitti-ut
739 3754 803 3816 Deo
823 3753 970 3814 sacrificet.
1009 3751 1103 3814 Simul
1123 3753 1249 3814 ostendit
1325 3791 1330 3807 ι

113 3855 145 3896 se
170 3845 338 3910 venturum,
367 3857 427 3898 non
456 3843 490 3896 ut
518 3837 646 3898 solebant
675 3836 858 3915 hypocritae,
889 3832 990 3912 quibus
1015 3831 1096 3892 Deus
1126 3853 1177 3912 per
1205 3831 1246 3890 la·

112 3916 201 3974 salam
222 3921 251 3991 1,
273 3921 320 3978 12.
346 3915 503 3996 exprobrat
521 3914 599 3995 quod
619 3918 811 3997 pavimentum
832 3933 917 3972 suum
937 3911 1041 3972 trustra
1061 3913 1167 3983 ter-apt:
1197 3911 1247 3970 sed

112 4002 317 4056 se'venturum
337 4015 405 4056 cum
424 3993 560 4054 sacrificio
580 3997 678 4056 laudis.
703 3988 764 4054 lam
784 3995 851 4072 quia
870 3991 924 4052 sibi
943 4011 1027 4052 verae
1046 3991 1158 4069 pictatia
1178 4009 1246 4050 eon·

75 4078 77 4082 ’
110 4074 187 4134 scius
206 4081 283 4149 erat,
307 4093 432 4155 aequum
451 4093 513 4144 esse
532 4075 611 4149 dicit,
635 4075 688 4136 eibi
711 4081 740 4133 el
765 4069 966 4143 sntstmttibus
986 4069 1113 4150 patelieri
1133 4067 1246 4148 Templi

107 4153 199 4227 lorea,
218 4154 254 4214 ad
276 4173 347 4232 quas
367 4153 500 4214 accedere
520 4154 628 4232 pridem
648 4173 734 4214 ausus
754 4173 813 4212 non
832 4153 933 4212 luerat.
952 4154 1064 4221 Porto,
1082 4149 1183 4228 inquit,
1203 4158 1255 4208 eat-

110 4235 253 4296 Iehoooe:
272 4253 341 4313 ergo
361 4235 445 4294 iustis
465 4251 528 4292 eam
548 4233 661 4294 tandem
682 4235 799 4313 aperiet.
820 4231 940 4300 Summa
955 4229 1011 4288 hnc
1026 4227 1125 4301 tendit,
1146 4246 1246 4308 quam·

109 4315 154 4372 ria
173 4314 298 4374 extorris
318 4333 336 4376 ιι
354 4312 462 4393 templo
481 4319 511 4372 et
531 4313 619 4390 patria
634 4313 733 4372 fuisset
744 4311 848 4385 David,
867 4327 944 4370 nunc
963 4315 1021 4368 tam
1041 4309 1136 4386 ipsum
1156 4325 1247 4402 quam

110 4392 237 4456 dnoeroa
263 4413 364 4456 omnes
388 4391 445 4454 Dei
469 4392 594 4470 craltorea
619 4410 786 4472 recuperata
809 4392 977 4530 iuapppm,
1006 4393 1084 4448 atatu
1108 4405 1190 4468 regns
1215 4387 1246 4448 in
