2890 4886
59 317 61 327 ‚
161 297 215 354 225
587 285 931 344 cosumus,

243 417 292 481 27.
315 421 425 478 Omnto
443 415 486 476 od
503 422 540 474 te.
570 409 626 473 llie
644 430 743 472 rursus
763 408 909 492 Propheta
929 406 1026 469 Deum
1044 405 1127 467 uobis
1147 402 1302 488 providum

164 521 196 562 er
256 517 342 560 omne
365 495 528 556 animalium
553 511 641 574 genus
667 489 896 572 patremlamilias
925 495 955 548 et
983 489 1132 547 nutritium
1158 485 1301 548 describit.

164 580 249 678 Prrqs
269 579 380 674 dipersi
398 575 515 672 ipsuum
535 573 624 632 creari
643 567 839 658 in'montibus
857 567 1062 666 unde-alantur
1074 568 1219 666 iumentat⁸
1234 565 1301 630 sub-

160 654 480 819 ,tttttltttt
498 646 1235 822 ttttttttttt‘ttttttutht
1253 665 1303 788 tf

167 759 332 878 sehardus
351 813 494 896 exprimit.
535 809 608 870 Nam
634 829 723 892 quum
747 808 873 869 infinitae
892 806 1177 888 propemodnmsmt
1194 806 1304 866 anima-

167 899 239 959 lium
258 895 378 975 species,
395 891 471 952 etin
492 889 608 972 siugulis
628 896 725 948 tantus
744 905 889 959 uumerus,
912 886 1024 950 nullum
1043 893 1140 946 tamen
1160 893 1204 946 est
1223 885 1304 968 qnod

168 995 227 1037 non
246 969 555 1056 indigentiquotidiano
575 960 677 1042 victu,
694 969 751 1030 hoc
774 967 906 1048 intelhgit
925 963 1141 1026 diceus‘oomtu
1159 975 1306 1047 respicere
1434 963 1435 974 ¹

167 1065 202 1118 ¹⁸⁶
221 1055 335 1115 Dm*
357 1053 415 1111 ffli
434 1051 549 1123 ffloetflls
568 1069 627 1110 ¹¹⁰1!
647 1067 731 1132 posse
751 1049 796 1107 vel
816 1049 942 1108 triduum
960 1063 1076 1107 manere
1095 1047 1125 1104 in
1144 1045 1305 1120 statupnisi

76 1141 82 1150 '
168 1135 249 1196 Deus
279 1130 461 1212 quotidianae
490 1149 590 1190 eorum
620 1129 779 1189 necessitati
808 1128 993 1201 subveniens,
1022 1123 1133 1206 singola
1162 1124 1319 1185 reliceret·

72 1249 76 1268 .
169 1213 235 1274 llus
254 1211 376 1292 pertinet
394 1215 471 1270 tanta
491 1209 637 1270 fruetuum
652 1208 813 1268 diversitas:
834 1208 901 1287 quia
916 1205 1100 1266 commodum
1114 1207 1305 1286 etpmprium

170 1291 332 1374 quibusque
351 1289 445 1350 cibum
465 1287 546 1348 Dens
565 1287 693 1350 attribuit
711 1305 746 1346 ae
765 1286 892 1347 destinat.
932 1283 994 1346 Etsi
1018 1292 1114 1345 autem
1140 1286 1251 1345 rstione
1275 1291 1305 1344 et

169 1371 274 1446 iudicio
293 1389 354 1430 uon
372 1369 482 1452 pollent
492 1358 585 1428 *bruta
604 1367 749 1440 animalia,
772 1373 807 1425 ut
832 1367 991 1426 necessitati
1010 1381 1080 1424 snas
1098 1365 1254 1424 remedium
1274 1367 1304 1424 iu

132 1499 143 1526 ,
170 1451 236 1514 Deo
257 1455 410 1531 quaerant,
439 1450 498 1508 imo
522 1464 613 1530 prena
632 1447 662 1507 in
682 1451 784 1506 terrum
805 1445 840 1504 ad
860 1444 997 1525 pabulum
1016 1444 1244 1540 inqmgitandnm
1264 1443 1307 1504 ie
1434 1461 1435 1478 ¹

171 1537 284 1591 rantum
313 1527 429 1611 proprie
451 1535 548 1588 tamen
573 1528 709 1606 loquutus
735 1533 779 1584 est
798 1524 957 1605 Propheta,
985 1541 1127 1604 respicere
1151 1526 1188 1584 ad
1208 1521 1306 1613 Deum
1434 1513 1435 1606 J

67 1601 74 1616 ’
139 1673 141 1680 q
171 1613 285 1684 dicens,
310 1625 433 1688 quorum
453 1607 562 1668 inediae
580 1607 642 1666 eius
661 1604 856 1666 liberalitatem
875 1619 1039 1664 succurrere
1057 1611 1172 1664 neeesse
1190 1611 1249 1679 est,
1268 1623 1308 1665 ne

172 1711 242 1751 mox
262 1687 405 1749 deliciunt.
431 1685 492 1748 Nec
511 1703 687 1768 supervacua
706 1690 751 1744 est
769 1693 909 1765 tempests
926 1686 1045 1756 notatio,
1064 1683 1143 1764 qnod
1163 1701 1307 1744 sunonem
1410 1741 1412 1746 ,
1434 1715 1435 1736 ι

172 1767 339 1830 animalibus
405 1763 566 1840 ouitDeus,
586 1771 622 1826 ut'
633 1783 684 1846 per
695 1769 796 1824 totum
815 1765 882 1822 anni
901 1763 1051 1824 circuitum
1070 1764 1212 1844 reperiant
1231 1764 1308 1824 unde

174 1850 334 1908 vescantur.
403 1865 448 1906 am
468 1863 556 1925 quum
576 1852 651 1904 terra
672 1843 776 1922 hyeme
795 1843 904 1903 viseem
922 1861 974 1902 sua
994 1843 1116 1916 claudat,
1136 1843 1206 1924 quid
1225 1842 1309 1904 lieret

157 1929 226 1988 'nisi
239 1927 351 1987 ¹victum
370 1933 481 1986 curaret
493 1927 525 1985 in
539 1923 657 2005 longam
670 1924 805 2004 tempus?
824 1921 934 1983 meres
946 1941 1015 2002 ergo
1030 1923 1208 1996 miraculum,
1228 1923 1309 2003 quod

173 2005 255 2068 Deus
282 2005 363 2066 statis
387 2003 563 2087 temporibus
587 2013 691 2065 ternam
719 2001 890 2064 foecundam
919 2001 1054 2076 reddere,
1078 2001 1309 2064 ‘benedictionem
1434 1991 1435 2052 l

145 2211 150 2220 .
174 2085 596 2242 titfttlltt’ttt
608 2081 756 2235 titt:
773 2082 1310 2242 ltfflttttttttttttt

94 2275 111 2301 0
135 2306 138 2312 ,
161 2254 262 2319 terra,
282 2243 336 2304 nisi
355 2244 468 2304 animos
485 2249 598 2304 rosbes
617 2243 728 2303 foveret
746 2261 811 2324 spes
830 2242 900 2318 novi
919 2241 1094 2322 proventus?
1132 2237 1310 2318 Quoseusu

174 2325 304 2408 apposite
323 2323 392 2383 dicit
409 2321 506 2383 Deum
526 2345 647 2383 monum
665 2342 752 2382 nsum
771 2330 894 2403 sper-tre.
929 2319 1001 2380 Nam
1022 2321 1045 2379 si
1065 2321 1192 2400 quotidie
1210 2339 1308 2382 nasce·

173 2411 253 2466 retur
276 2401 418 2478 triticum,
449 2401 596 2463 ohscurior
619 2409 694 2462 esset
714 2400 769 2462 Dei
794 2399 985 2482 providentia,
1013 2399 1063 2460 uhi
1086 2407 1183 2460 autem
1209 2403 1311 2461 erescit

151 2491 264 2556 ¹terra,
284 2481 401 2564 perinde
420 2489 466 2542 est
483 2484 542 2542 acsi
562 2499 678 2541 manum
698 2499 778 2541 suam
799 2471 1056 2551 clauderet‘Deus,
1076 2481 1153 2541 unde
1172 2482 1310 2561 sequitur,

175 2565 244 2624 dum
263 2579 327 2623 eam
347 2561 508 2634 foecundat,
528 2561 609 2640 quusi
628 2565 741 2621 exserta
760 2579 848 2622 mauu
867 2559 961 2620 cibum
981 2579 998 2619 e
1017 2560 1099 2621 coelo
1118 2559 1200 2622 nobis
1221 2562 1310 2641 porri·

175 2661 250 2721 gere.
288 2637 375 2718 Quod
396 2642 420 2700 si
439 2641 506 2700 ieris
527 2647 557 2701 et
576 2639 666 2700 brictio
684 2639 853 2701 euimalrbns
872 2640 978 2700 victime
997 2647 1159 2730 opportune
1179 2641 1311 2722 suppedi-

177 2727 230 2795 tat,
249 2717 365 2802 quoad
385 2720 543 2779 achmetem
564 2715 737 2801 pascantur,
749 2719 831 2779 nohis
851 2719 911 2780 sins
931 2717 1088 2784 benedrctic
1108 2719 1311 2780 inexhaustum

175 2801 231 2861 erit
249 2799 349 2936 clepiae
368 2816 468 2874 cornu,
487 2798 574 2860 modo
585 2817 622 2859 ne
637 2817 699 2859 eam
718 2795 918 2881 prohibeamur
932 2797 1105 2859 infidelitatis
1124 2805 1239 2870 nostrus
1259 2799 1309 2859 ch·

176 2885 255 2940 stacu
269 2899 297 2938 o.
907 2921 910 2928 .
1038 2913 1041 2920 ·

253 2959 303 3020 29.
334 2958 503 3018 abscondes
511 2952 631 3040 scetem
650 2965 749 3032 tuom,
773 2965 826 3018 ete.
866 2956 918 3018 llis
938 2955 1031 3019 verbis
1055 2956 1140 3018 dccet
1162 2977 1217 3020 uos
1236 2963 1313 3021 stare

76 3028 88 3050 '
174 3044 204 3098 et
224 3037 326 3098 cadere
347 3057 399 3118 pro
418 3035 476 3098 Dei
495 3044 575 3098 nutu.
603 3036 719 3096 Stemus
739 3039 814 3096 euim
834 3043 1048 3117 quatenusuos
1067 3056 1120 3098 sua
1138 3039 1246 3102 virtute
1264 3059 1313 3099 su·

174 3117 276 3178 stineta
300 3116 386 3176 simul
406 3125 502 3178 autem
522 3135 556 3176 ac
575 3117 720 3177 sicilicum
740 3117 870 3197 spiritum
887 3116 1037 3194 subducit,
1057 3119 1193 3180 eudimus.
1233 3117 1314 3198 Vidit

174 3196 232 3256 hoc
251 3197 338 3276 etiam
358 3195 452 3271 Pluto,
473 3197 525 3278 qui
544 3198 656 3280 saepius
676 3199 769 3272 docet,
815 3198 909 3277 roprie
927 3197 958 3257 lo
997 3199 1083 3270 endo,
1103 3217 1194 3258 uuum
1213 3195 1312 3259 Deum

175 3293 257 3350 esse,
276 3277 372 3336 omnia
391 3282 488 3338 autem
507 3278 537 3336 iu
557 3297 592 3336 ec
612 3275 765 3336 subsistere
823 3283 931 3336 utaxut
998 3295 1032 3337 ee
1052 3273 1150 3337 dubito
1170 3279 1240 3360 quin
1258 3295 1313 3358 per

175 3355 258 3416 illum
278 3355 431 3436 profanum
450 3356 617 3496 scq'ptorem
637 3355 852 3437 expergefacere
867 3354 1078 3417 volueritDeus
1099 3363 1217 3416 cunctos
1237 3375 1313 3416 mor-
1434 3409 1435 3416 ,

175 3435 257 3505 tales,
277 3441 310 3495 ut
328 3437 467 3496 sentirent
513 3439 522 3495 i

175 3601 205 3655 et
227 3595 258 3654 iu
284 3594 433 3675 pulverem
462 3595 567 3668 redire,
596 3595 700 3676 quibus
724 3593 819 3658 verbis
850 3593 989 3676 significat
1012 3593 1142 3656 vivificos
1170 3615 1233 3657 esse
1247 3595 1314 3656 Dei

176 3672 277 3734 oculos
302 3673 350 3732 ubi
375 3674 593 3755 nos-respicere
612 3677 756 3754 dignatum
781 3683 811 3735 et
830 3693 917 3756 qnam
936 3670 987 3735 din
1005 3674 1114 3737 relucet
1133 3695 1232 3737 serena
1251 3677 1313 3736 eius

175 3750 270 3824 iacies,
289 3753 380 3817 ntum
399 3754 541 3834 inspirare
556 3755 688 3814 omnibus
707 3755 852 3815 creaturis.
892 3754 942 3816 Bis
960 3774 1030 3834 ergo
1048 3755 1248 3816 inexcusabilis
1268 3759 1314 3814 est

524 3437 599 3496 unde
617 3453 649 3496 se
669 3437 757 3495 vitam
776 3436 909 3496 mutuari.
939 3434 984 3495 Ac
1003 3438 1096 3516 primo
1115 3439 1215 3516 terreri
1234 3436 1313 3510 stete,
1434 3427 1435 3474 l

69 3557 94 3584 -,
175 3511 301 3580 siDeus
320 3514 423 3575 laciem
443 3533 525 3576 suam
545 3515 713 3578 abscondat:
743 3515 768 3575 si
794 3515 925 3598 spiritum
948 3528 1048 3576 eorum
1073 3515 1198 3591 auferat,
1227 3520 1313 3588 mori,
1434 3521 1435 3532 ¹

175 3839 274 3893 uosua
294 3833 503 3900 caecilae,=nisi
522 3834 551 3894 iu
570 3835 649 3896 illam
668 3833 833 3907 honitatem,
858 3853 932 3914 qnae
947 3839 1044 3897 isdum
1063 3835 1202 3896 muudum
1222 3832 1314 3894 vivili-
1434 3843 1435 3846 ’

176 3919 231 3986 cat,
251 3912 376 3972 vicissim
401 3913 568 3972 coniicimus
593 3912 702 3974 oculos.
743 3913 888 3974 Gradatirn
909 3933 977 3974 vero
997 3915 1131 3974 describit
1149 3915 1315 3974 animalium

175 3989 331 4066 interitum,
351 3988 400 4050 ubi
420 4009 554 4051 arcanum
575 4011 660 4052 suum
680 3995 808 4073 vigorem
827 3992 944 4054 retrahit
963 3983 1055 4068 Deus,
1075 4013 1135 4075 quo
1154 3994 1256 4054 melius
1275 4003 1339 4054 ex*
1434 4025 1435 4038 2

176 4071 309 4152 opposito
329 4069 494 4132 continuem
512 4072 724 4152 inspirationem
744 4072 932 4148 commendet,
952 4079 1193 4155 qusvsgetantur.
1214 4072 1314 4168 Quan-
1434 4087 1435 4092 ¹

176 4161 265 4232 quani
282 4157 379 4212 autem
399 4151 482 4212 ultre
493 4151 626 4236 progredi
639 4158 773 4290 poterat,
797 4154 894 4216 omnia
919 4156 1026 4216 scillcet
1051 4157 1081 4214 in
1100 4148 1222 4218 nibilum
1241 4153 1315 4214 reda·

176 4235 241 4288 tura
260 4247 333 4302 esse,
352 4238 504 4291 contentus
524 4238 620 4295 tamen

175 4307 207 4367 iu
227 4308 406 4386 putredinem
426 4311 576 4372 concidere?
595 4311 732 4392 quicquid
752 4305 887 4374 diuinitus
906 4315 1103 4375 confovetur.
1125 4311 1315 4374 histrorum

162 4404 289 4446 merum
309 4387 437 4468 quotidie
455 4390 594 4452 mundum
613 4399 762 4466 mwcurs',
781 4393 849 4473 quie
867 4401 1006 4473 φίνὲιιιιιι
1024 4415 1111 4456 susm
1130 4395 1216 4492 Repe
1233 4399 1316 4456 mu·

653 4232 693 4293 uit
711 4230 769 4294 hoc
787 4251 882 4293 crasso
897 4241 928 4294 et
941 4233 1072 4316 populari
1080 4233 1203 4294 docendi
1218 4232 1316 4308 modo,
1434 4239 1435 4244 ’
