2816 4880
375 381 377 386 Ι
495 317 538 357 rs
566 317 648 366 rsa
664 317 681 358 r.
695 317 726 358 aa.
755 317 865 362 exstit.
1192 321 1246 378 513

113 445 175 502 otus
195 413 304 511 omues,
323 439 371 518 qni
391 415 474 498 insiti
486 423 554 499 sunt
566 439 602 498 in
614 435 720 499 Cbrirti
734 457 849 520 eorpus,
860 441 1000 518 ,quumvis
1015 441 1117 503 misere
1127 443 1246 526 dispersi

112 521 170 578 sint
189 522 269 599 qnasi
288 519 379 580 ledere
399 519 540 592 membre,
560 519 826 580 oolleotnmtameu
845 519 879 578 iri
899 521 929 580 in
948 519 1015 592 fidei
1033 524 1185 582 undattmz
1215 532 1245 585 et

111 599 244 658 mutilum
268 597 410 656 Ecclesiae
429 595 547 678 eorpus,
578 599 653 678 quod
680 599 806 677 quotidie
826 599 1010 678 discerpitur,
1038 602 1245 664 restituendum
1365 625 1372 632 ·

109 695 173 736 esse
197 697 266 737 snae
288 678 454 758 integritati:
480 679 546 758 qnia
566 697 640 758 opus
654 675 744 758 ‘sunni
765 679 1066 758 prorsasinteroidere
1086 677 1166 740 Deus
1186 701 1244 742 non

108 757 189 816 sinet.
212 755 347 818 Proximo
367 775 481 838 qnoque
501 769 586 816 versu
606 757 725 817 eandem
745 755 901 817 dootrintm
921 759 1078 833 mutinum,
1099 759 1242 822 burenim

109 837 239 916 respisuit
259 835 428 909 similitudo,
469 835 634 912 Quamlibet
653 835 785 916 gravibus
805 836 911 896 morbis
930 835 1053 910 laboret,
1082 839 1128 900 vel
1148 841 1250 908 eonio,

108 923 155 976 eta
175 917 211 976 sit
231 913 365 987 Ecclesia,
386 915 540 994 quamlibet
560 915 656 976 multis
677 915 840 976 vulneribus
860 915 990 976 eoniotse
1010 917 1061 988 stt,
1081 917 1193 980 saoilem
1212 927 1243 980 et
1371 968 1372 971 η

107 1003 271 1075 promptam
301 995 475 1053 sanationem
496 983 563 1053 Deo
591 995 660 1054 lore.
703 993 784 1056 Unde
814 1001 937 1076 apparet
961 996 1076 1056 diverso
1106 998 1242 1079 loquendi

105 1075 194 1134 modo
214 1075 287 1133 idem
308 1074 412 1154 repeti:
434 1071 569 1152 quamvis
582 1094 641 1133 uun
661 1093 773 1155 semper
791 1077 893 1135 ilureat
901 1073 1049 1135 Ecclesiae
1068 1083 1167 1153 status,
1187 1077 1248 1139 sall

105 1173 174 1216 vaur
203 1160 298 1213 tamen
329 1161 357 1212 et
377 1155 547 1212 incolumem
574 1171 687 1238 semper
706 1154 783 1230 iore,
812 1156 879 1236 quio
898 1155 979 1214 velut
997 1153 1160 1218 ulcerosum
1179 1175 1240 1220 eor·
1266 1159 1270 1166 '

104 1254 161 1316 pus
180 1232 259 1294 Deus
280 1231 443 1294 mirabiliter
461 1231 578 1292 sanabit.
942 1247 973 1281 ··
1107 1281 1114 1290 .
1140 1263 1146 1282 s

41 1305 45 1320 ⁸
185 1313 212 1376 4.
232 1315 403 1374 Numerone
421 1315 652 1386 multitudinem„
667 1309 743 1391 Quis
762 1311 931 1372 incredibilis
952 1312 1040 1374 videri
1061 1315 1239 1392 poterat'oole

103 1394 189 1454 lertio
212 1393 312 1474 populi
337 1391 372 1450 de
392 1409 448 1472 qua
469 1391 600 1452 disseruit
621 1390 780 1473 Propheta,
805 1393 855 1474 qui
873 1411 936 1452 eam
957 1391 1013 1452 boo
1033 1410 1118 1454 versu
1137 1393 1240 1456 eonlir·

103 1475 176 1533 mari
199 1478 314 1556 putant,
343 1478 496 1531 moventur
520 1470 659 1568 probabili
678 1469 796 1531 ratione.
836 1470 973 1552 Siouergo
994 1477 1152 1533 contexunt
1170 1473 1239 1534 Pru·

104 1553 207 1634 phetae
236 1551 336 1624 verba,
367 1548 444 1628 Quia
473 1551 613 1610 diilroilius
638 1569 696 1609 uon
717 1558 760 1609 est
780 1549 890 1632 palatos
909 1557 939 1610 et
958 1551 1089 1611 disiectos
1109 1550 1240 1613 homines

104 1631 170 1693 colli
191 1651 251 1702 ere,
282 1651 368 1709 quam
389 1649 538 1690 numerare
558 1629 653 1690 stellas
674 1629 704 1688 in
724 1634 821 1702 coelo,
839 1635 904 1690 ¹don
923 1649 985 1702 esse
1005 1649 1057 1689 enr
1076 1629 1188 1724 proinpi
1209 1639 1240 1694 et

103 1730 161 1790 ess·
187 1731 217 1770 es
236 1709 376 1770 lsratlitae
396 1709 431 1804 de
451 1711 542 1770 reditu
562 1709 724 1790 desperent:
744 1709 831 1770 modo
851 1727 1070 1804 unohopnsensu
1084 1714 1162 1770 sead
1179 1711 1238 1807 De·

104 1771 1239 1948 ttoliti?ttttlttttttttittt‚sltttttttltttttiit
1287 1923 1290 1930 ,

103 1953 133 2012 5.
173 1947 294 2028 Respice
323 1947 419 2006 stellas
448 1948 521 2008 coeli
550 1949 575 2006 si
600 1967 750 2006 numerare
770 1957 866 2026 potes:
896 1949 938 2006 sie
956 1949 1010 2007 erit
1028 1965 1123 2007 semen
1143 1955 1234 2010 tuum.

104 2027 180 2107 Quin
205 2034 300 2086 tamen
326 2026 361 2086 de
385 2027 518 2086 universo
543 2031 660 2085 naturae
680 2027 778 2085 ordine
798 2028 934 2085 continno
953 2031 1019 2106 post
1038 2026 1147 2086 dissedt
1167 2028 1236 2089 Pro·

102 2111 198 2192 pheta,
218 2103 373 2184 simplicius
393 2106 445 2164 erit
465 2105 542 2182 (meo
563 2101 680 2181 iudicio)
699 2104 777 2163 buno
796 2125 912 2185 quoque
923 2103 1037 2164 'versum
1047 2123 1189 2186 exponere
1200 2109 1237 2170 de

101 2184 258 2249 admirabili
278 2183 351 2244 ooeli
370 2183 493 2264 opificio,
512 2187 547 2244 in'
562 2204 622 2262 quo
641 2187 748 2244 retonat
766 2183 993 2263 incomparabilis
1014 2182 1068 2244 Dei
1088 2203 1118 2244 sa
1139 2188 1242 2264 lentius

101 2267 174 2335 dum
190 2265 294 2332 varios„
313 2263 493 2342 multipliees‚
512 2281 546 2322 ae
565 2263 710 2322 ilexuosos
729 2262 872 2322 stellarum
891 2278 993 2322 rursus
1013 2207 1235 2340 itamodbratur‚
1348 2279 1351 2284 ·

101 2354 134 2406 ut
157 2364 194 2406 ne
219 2349 325 2424 puncto
346 2343 461 2422 quidem
481 2339 620 2401 aberrent.
661 2337 787 2418 Singulis
807 2340 936 2401 attribuit
955 2345 1064 2418 eertum
1084 2359 1118 2401 se
1137 2343 1234 2404 distin·

99 2433 179 2497 prum
206 2439 324 2491 munus,
355 2428 386 2479 ut
416 2423 444 2478 iu
470 2427 547 2480 tanta
566 2419 740 2478 turba'nibil
759 2421 795 2478 sit
815 2419 973 2478 oonirrsnm.
1013 2417 1113 2500 ltaque
1132 2425 1235 2482 merito

99 2506 195 2563 statim
216 2500 521 2582 exclamatMog'num
540 2521 599 2560 esee
608 2501 715 2572 Deum,
734 2509 762 2558 et
777 2505 1004 2576 immansuetum
1018 2507 1235 2582 umuttspuum
1257 2540 1260 2546 -
1303 2565 1305 2569 ,

97 2585 316 2664 melligeratus.
338 2576 406 2656 Quo
426 2583 511 2638 etiam
532 2579 675 2652 doeemur,
696 2577 863 2657 nilrilmapis
879 2595 1126 2715 essuperversum,
1147 2599 1235 2659 quam
1340 2642 1346 2654 ,

97 2681 197 2722 senem
216 2661 306 2720 nostri
326 2658 444 2718 modulo
459 2658 513 2718 liei
533 2675 620 2740 opera
641 2655 712 2717 velle
733 2659 835 2730 metiri,
853 2657 884 2716 iu
903 2659 952 2737 qni
973 2675 1006 2715 ns
1026 2673 1111 2736 saepe
1125 2658 1233 2720 innom-

97 2738 313 2822 prehensibilem
338 2737 504 2817 sapientium
524 2755 559 2797 ao
578 2735 741 2818 potentiam
752 2735 866 2799 exserit.
893 2743 898 2750 '

178 2821 206 2882 6.
227 2820 395 2880 Subleoorrs.
418 2814 483 2876 lloo
504 2813 558 2876 Dei
578 2815 702 2896 elogium
723 2817 838 2897 proprie
857 2813 893 2874 ad
914 2814 975 2895 spei
994 2820 1110 2875 nostrm
1128 2815 1233 2876 eonlir·

98 2897 252 2971 mationem
277 2895 353 2956 valet
376 2897 406 2954 in
430 2895 515 2956 rebus
539 2895 679 2966 adversis,
701 2909 745 2954 'ne
765 2896 795 2955 in
815 2895 946 2956 examine
964 2895 1056 2954 erucis
1076 2895 1162 2954 enimi
1182 2915 1232 2956 no·
1254 2918 1257 2926 ¹

98 2979 150 3038 stri
189 2975 326 3036 deficiant.
366 2973 449 3035 Unde
478 2977 564 3035 etiam
594 2973 768 3054 colligimus,
792 2975 924 3054 quumvis
949 2973 1002 3033 sub
1021 2972 1099 3054 Lege
1118 2975 1233 3038 mollins

97 3055 214 3118 fovendi
241 3060 338 3115 essent·
352 3052 466 3128 Patres,
497 3074 555 3114 non
584 3053 671 3114 luisse
694 3060 789 3112 tamen
809 3061 941 3134 expertes
961 3055 1021 3113 eius
1042 3054 1173 3127 milities,
1202 3056 1233 3118 in

96 3155 155 3218 qna
175 3151 228 3204 nos
248 3131 422 3197 bodieDsus
440 3142 562 3208 uremur,
584 3141 616 3192 ut
635 3133 701 3192 alibi
722 3151 806 3211 quam
817 3135 846 3192 iu
857 3133 975 3205 mundo,
993 3152 1091 3194 rerem
1102 3137 1232 3214 requiem

95 3211 1234 3373 tittitttuitttttlt.‘titltltttittpllititstlittstt

95 3382 221 3436 mentem
240 3370 312 3432 bueo
331 3373 482 3446 sententia,
513 3391 565 3432 nos
586 3371 649 3456 idpo
670 3369 825 3443 humiliari,
845 3379 877 3428 nt
897 3368 953 3429 Dei
973 3387 1060 3430 manu
1080 3378 1179 3452 postea
1198 3374 1233 3433 in

64 3487 68 3494 x
94 3453 217 3516 sublime
245 3451 388 3512 tollemur.
428 3447 462 3509 Si
491 3451 605 3530 qdando
634 3452 719 3510 etiem
750 3449 799 3508 ubi
823 3449 948 3508 deliciari
967 3449 1097 3510 videmus
1116 3452 1154 3510 im
1176 3453 1230 3527 ios,

93 3541 159 3595 urat
189 3551 242 3593 nos
270 3532 317 3591 vel
346 3535 455 3611 pungat
483 3530 645 3603 aemulatio,
664 3536 795 3589 occurrat
819 3528 895 3607 quod
922 3529 969 3588 irie
988 3527 1056 3588 dicit
1075 3473 1230 3610 l'ropd'oto⁹

7 3611 8 3618 '
93 3616 124 3674 in
143 3611 264 3674 sublime
287 3609 447 3680 evelri‚1nt
472 3609 639 3692 praecipites
669 3616 762 3669 ritant.
780 3627 782 3632 ·
802 3604 874 3668 Nam
892 3611 1120 3688 prommmmdoe
1138 3632 1230 3693 aspro

7 3701 8 3710 ’
83 3695 135 3756 md
152 3705 263 3754 terrum
287 3709 349 3752 esse
369 3689 478 3764 dicens,
508 3709 565 3748 uon
591 3687 707 3748 dubium
727 3693 770 3748 est
790 3689 859 3767 quin
879 3705 979 3746 eorum
998 3687 1159 3768 snperbiam
1179 3689 1229 3750 ob·

7 3773 8 3776 ’
91 3773 170 3852 lique
190 3773 374 3854 perstringat,
404 3787 461 3852 qua
486 3787 547 3830 sese
566 3769 687 3830 efferunt
706 3784 792 3848 supra
811 3765 902 3828 nobes
921 3767 980 3828 sesi
999 3785 1057 3828 non
1076 3777 1172 3862 essent
1190 3787 1228 3832 ex
1268 3833 1271 3840 ,
1320 3785 1323 3799 ·
1399 3791 1400 3802 ’

7 3849 8 3928 j
91 3850 241 3914 homiuum
260 3869 388 3912 numero.

103 4023 112 4034 ,
180 4051 212 4119 7.
233 4050 344 4118 Canite
377 4049 513 4118 lehovse
545 4047 578 4116 in
605 4049 711 4130 laude,
744 4047 865 4140 psallite
899 4046 971 4116 Deo
999 4025 1111 4117 nostro
1133 4049 1166 4118 in
1189 4050 1227 4120 ci·
1271 4114 1278 4144 ,

90 4157 189 4226 thara.
238 4159 272 4227 8.
294 4156 359 4244 Qui
392 4155 494 4248 operit
525 4155 632 4223 coelos
654 4154 805 4238 nubibus,
836 4165 924 4246 parat
955 4163 1056 4223 terrae
1077 4154 1228 4246 pluvialis,

31 4299 36 4304 ·
90 4264 263 4354 germinare
296 4263 413 4333 faciem
439 4260 571 4330 herbam
597 4261 632 4328 in
653 4261 823 4330 montibus.
868 4261 899 4328 9.
923 4259 985 4348 Qui
1008 4261 1060 4330 dat
1081 4261 1225 4331 iumento'

89 4369 193 4438 eibum
221 4393 331 4474 epum,
358 4370 428 4437 filiis
451 4389 628 4438 corvorum*
647 4369 702 4458 qui
724 4367 861 4523 ulmeam
884 4351 1042 4436 clamant
1075 4369 1127 4435 10.
1151 4367 1225 4438 Non
1270 4417 1282 4424 -

114 4479 253 4521 eutelamio
269 4483 347 4523 Pulsa.
360 4475 467 4522 tonsu.
671 4507 680 4518 .
771 4503 777 4522 t
