2890 4886
157 231 263 332 '204'
588 248 903 318 'r.oauranue·

183 390 319 460 clamant
337 390 379 458 ad
399 359 552 461 lahorem
570 389 606 461 ia
627 388 835 465 tribulatione·
849 411 923 459 enar
944 411 987 458 ex
1008 388 1160 480 augnuiia
1176 388 1318 460 ardeam·
1427 383 1428 422 l

180 499 237 564 'vat
257 519 325 567 eoo.
369 496 424 562 20.
446 495 542 565 Mittit
562 494 695 576 verbum
717 519 823 584 auum,
845 505 878 564 et
897 503 988 562 munt
1008 517 1076 577 eos,
1097 503 1130 566 et
1151 495 1244 588 eripit
1258 518 1318 566 eoe
1427 521 1428 536 ¹

184 625 226 671 ox
254 600 402 680 omnihus
430 599 683 693 corruptionibus
709 623 830 670 eornm.
875 599 928 670 21.
951 597 1121 670 Celebrant
1147 623 1254 670 coram
1274 601 1318 672 le
1427 655 1428 672 t

110 721 112 731 '
183 708 270 790 hova
295 705 540 783 misericordiam
567 707 653 791 etur,
681 718 715 781 et
740 705 892 786 mirabilia
918 705 987 784 eiua
1008 706 1094 798 opud
1115 705 1198 776 filieo
1218 706 1318 778 homi

182 835 277 882 numa
321 810 632 882 attinentem
653 813 799 911 aedifitia
821 812 936 896 tandiu,
963 811 1199 904 etvpraedioeut
1221 835 1317 906 opera

186 919 255 1000 eius
279 941 355 990 oum
377 915 597 1023 exsultatione.
636 987 640 996 ,
704 989 709 994 .
839 985 846 996 .

214 1179 215 1186 t
266 1090 321 1190 17.¹
335 1128 436 1200 aaut
448 1092 508 1189 ”aa
547 1086 702 1190 noeane
720 1126 758 1188 aa
777 1127 861 1188 auam
880 1097 1072 1208 mugnano
1089 1123 1320 1208 epaenetum

184 1207 267 1270 alenti
292 1224 385 1288 nuper
413 1205 486 1268 dixit
509 1208 639 1304 mptivoe
661 1207 736 1270 tredt
758 1207 788 1268 in
813 1223 916 1268 manue
934 1205 1084 1268 hominum
1102 1205 1154 1286 qui
1172 1223 1205 1266 ee
1223 1221 1242 1266 e
1261 1203 1320 1267 Dei

184 1283 322 1366 obeequio
342 1285 530 1367 ammcipant,
548 1291 588 1347 ata
606 1305 685 1350 nuno
703 1285 787 1348 dooet
804 1283 921 1374 morbos
940 1285 1076 1346 divinitae
1094 1284 1184 1364 inlligi
1196 1291 1318 1425 propter

203 1373 310 1426 eoram.
348 1363 403 1424 Ubi
427 1372 524 1426 autem
543 1365 662 1428 eeneerit
680 1371 817 1446 peooator
835 1362 892 1426 Dei
909 1363 1010 1426 laralia
1029 1383 1060 1425 ee
1078 1366 1223 1446 castigari,
1278 1365 1317 1424 ei·

237 1441 303 1506 inde
322 1445 457 1504 transitus
475 1451 537 1506 erat
555 1443 592 1506 ad
612 1447 719 1526 gratiae
736 1445 878 1508 notitiam.
916 1443 1028 1506 Stultos
1046 1449 1143 1504 autem
1162 1447 1247 1504 voeet
1266 1445 1319 1524 qni

183 1523 390 1586 inconsiderate
409 1521 650 1608 eouaupieoeah'ale
670 1543 737 1586 auae
751 1521 896 1600 teotardo,
915 1525 1072 1608 peruioiem
1091 1521 1145 1584 eibi
1159 1529 1319 1598 aooereunt,
1427 1523 1428 1600 J

182 1624 243 1666 non
262 1601 341 1700 quod
359 1603 518 1684 ignorantia
535 1609 653 1699 tautpm·
666 1609 696 1699 qt
714 1623 811 1700 errore
823 1603 1005 1700 delinquant,
1024 1601 1075 1664 aed
1094 1604 1162 1684 quia
1181 1602 1260 1664 eneti
1274 1603 1320 1663 al·

183 1683 276 1744 laatna
296 1689 409 1764 privant
427 1702 477 1744 eoo
497 1689 576 1780 reato
595 1681 708 1780 audiero,
720 1687 761 1780 .¹¹l
779 1681 833 1744 uba
850 1702 974 1780 peeume
993 1679 1154 1778 oopenlaut.
1174 1679 1231 1778 ,hit
1249 1699 1319 1776 eane

183 1762 337 1823 tenendum
355 1768 400 1856 eet
419 1781 531 1844 semper
548 1761 620 1858 pllnd
638 1781 817 1904 praecaptum,
836 1769 970 1824 umorem
983 1760 1041 1860 Iler
1060 1767 1317 1872 aeaeeppaenbam.

183 1839 430 1982 Unqpippoqqatur,
454 1847 577 1904 amentia
595 1843 658 1926 rapt
675 1849 706 1906 et
737 1862 822 1906 more
840 1845 891 1924 qul
908 1847 1057 1904 exoutannt
1077 1838 1135 1902 Der
1152 1861 1163 1901 r
1222 1859 1268 1914 m,
1285 1847 1320 1904 at

184 1941 377 2082 llbseetionem
401 2001 496 2082 ponit:
521 1999 623 2062 deiude
645 2001 723 2064 addit
741 2009 786 2064 tae·
825 2011 924 2078 antea,
953 2001 1021 2084 quia
1040 2000 1090 2062 ubi
1108 1999 1173 2082 quia
1192 2001 1282 2061 semel
1299 2019 1318 2062 a

383 1921 545 2004 mancipant
567 1939 602 1984 aa
625 1929 752 2006 peooeto.
792 1921 889 2004 Caput
913 1941 983 1984 vero
1006 1921 1146 1984 amantino
1196 1919 1319 2002 ropheta
1427 1979 1428 1988 ,

185 2077 253 2140 Deo
272 2081 398 2156 reoeeeit,
418 2081 523 2162 raptari
541 2079 599 2142 huo
617 2082 649 2142 et'
666 2077 736 2142 ibae
754 2099 789 2142 au
809 2063 875 2144 ibde
893 2096 1008 2142 neoeeee
1026 2085 1086 2155 est,
1115 2086 1149 2142 ut
1167 2097 1228 2140 non
1246 2080 1317 2140 deei-
1427 2109 1428 2112 ¹

180 2165 235 2241 mat
253 2157 331 2220 aliud
349 2159 463 2242 analio
482 2179 609 2241 peeoare.
629 2157 695 2222 Non
714 2165 811 2222 autem
830 2160 878 2222 hie
896 2161 933 2222 de
951 2159 1117 2242 vulgaribue
1134 2157 1243 2222 morbie
1262 2158 1317 2220 dte-

186 2239 269 2314 eerit,
303 2237 354 2298 aed
380 2239 430 2320 qui
453 2239 552 2308 letalea
570 2261 689 2322 prorsus
707 2249 874 2318 oenaentur,
908 2260 963 2302 ueo
981 2259 1063 2322 opem
1081 2239 1157 2302 vitae
1175 2237 1318 2300 residuam

153 2315 155 2328 ⁴
184 2319 304 2402 laniante
324 2337 383 2398 quo
403 2317 505 2381 melina
523 2317 661 2406 refulgeat
678 2318 852 2382 liberationis
872 2322 971 2402 palia.
1010 2317 1085 2380 Nam
1103 2319 1192 2400 eiquie
1210 2319 1318 2381 inoom·

186 2397 272 2458 moda
291 2395 453 2458 valetudine
472 2399 509 2458 eit
528 2399 650 2476 levatus,
667 2419 728 2460 uon
747 2399 787 2460 ita
827 2398 897 2462 robe
916 2400 946 2461 iu
965 2397 1022 2460 levi
1041 2401 1199 2463 mutatione
1212 2417 1317 2480 expen-

185 2479 235 2543 det
246 2477 303 2538 Dei
321 2495 447 2574 manum7
467 2497 541 2559 quae
559 2499 591 2540 ee
609 2479 727 2540 notabili
745 2485 775 2542 et
793 2480 800 2495 ⁸
825 2480 896 2540 uetri
913 2477 1001 2540 modo
1020 2479 1127 2540 exserit
1145 2478 1215 2538 dum
1234 2478 1317 2540 aemi·

185 2557 306 2622 mortuis
331 2558 454 2618 restituat
497 2558 601 2632 lenum
614 2561 751 2640 vigorem.
790 2555 871 2620 Diait
888 2579 957 2640 ergo
976 2559 1083 2620 oervari
1101 2577 1119 2620 a
1137 2557 1235 2618 multia
1255 2577 1316 2620 oor·

185 2635 365 2718 ruptionibue
389 2578 506 2718 perinde
535 2646 564 2699 at
587 2657 622 2700 ue
650 2638 784 2701 amultie
812 2638 960 2699 mortibus.
1005 2637 1103 2720 Atque
1125 2633 1183 2698 huo
1201 2657 1316 2719 quoque

149 2738 152 2743 ·
185 2723 315 2799 epectant
332 2659 660 2794 manusuetuelaue,
679 2717 748 2778 dum
767 2716 836 2779 dioit
849 2715 994 2798 Propheta
1013 2738 1063 2779 eos
1076 2726 1316 2802 opproptnqnora

186 2799 230 2890 od
246 2804 354 2890 Wl‘b'
376 2804 495 2871 morlia,
523 2807 552 2859 et
576 2821 689 2892 omnem
711 2820 807 2860 eaoom
826 2799 1001 2860 abominari.
1040 2795 1116 2894 llam
1135 2797 1171 2856 de
1190 2796 1315 2863 clamate

185 2873 408 3094 lhliplllei
415 2875 1317 3023 ’attttt⁰tttttt²ttttt³ttttttlttttt

186 3052 269 3106 illim
366 3071 367 3074 ’
463 3093 472 3108 .

265 3117 313 3178 20.
334 3115 435 3176 Motu
453 3115 577 3178 amdam.
606 3113 712 3180 lterum
735 3115 860 3180 oetandit
879 3113 1023 3199 Propheta
1047 3135 1079 3177 ee
1103 3114 1140 3176 de
1158 3113 1319 3176 exitialibue

185 3191 293 3256 morbis
318 3212 401 3274 agere
426 3195 476 3276 qui
496 3215 586 3276 prope
605 3197 770 3256 exanimant
789 3195 934 3272 homines,
963 3216 1030 3258 enm
1049 3215 1099 3257 eoa
1119 3195 1188 3256 dioit
1206 3194 1319 3256 liberari

185 3271 435 3355 aperditionibua.
474 3273 611 3336 Ceterum
635 3295 720 3356 opem
738 3274 797 3336 Dei
821 3279 942 3357 opponit
971 3274 1102 3338 omnibue
1121 3274 1252 3344 humanis
1270 3295 1315 3334 re·

184 3352 296 3416 mediis:
320 3353 378 3414 ausi
397 3344 516 3429 diceret,
535 3354 597 3416 oola
616 3351 673 3416 Dei
692 3356 797 3418 virtute
816 3374 866 3416 eoe
885 3356 1067 3430 naviatenam,
1087 3355 1156 3435 qula
1175 3355 1317 3416 medicum

183 3435 215 3494 in
239 3439 314 3494 terra
336 3433 463 3495 invenire
482 3433 655 3514 impamibile
674 3441 744 3496 erat
783 3433 886 3496 Modus
906 3453 1023 3515 quoque
1041 3434 1158 3494 sanandi
1176 3431 1319 3495 notandae
1376 3475 1380 3483 -

184 3519 242 3574 eat:
264 3511 343 3592 quod
367 3511 474 3576 aoilioet
492 3510 573 3573 Deua
592 3513 655 3576 eolo
675 3523 748 3574 nutu
766 3515 813 3574 vel
832 3513 967 3576 mandato
987 3513 1104 3576 morboa
1123 3533 1221 3576 omnee
1241 3533 1318 3572 mor·

184 3597 301 3671 temque
323 3590 416 3672 ipsam
435 3592 536 3671 procul
560 3591 663 3674 abigat.
702 3591 803 3674 Neque
821 3596 898 3654 enim
918 3593 974 3654 hoo
992 3594 1136 3672 restringo
1154 3591 1318 3667 adlidelee,

185 3677 220 3732 ut
238 3669 346 3730 laniunt
364 3670 502 3751 plerique.
541 3669 650 3732 Verum
711 3673 786 3734 ’dem
805 3681 863 3750 eet,
882 3671 937 3734 niei
957 3694 1012 3754 pur
1046 3679 1113 3734 ntur
1131 3674 1243 3733 animae
1261 3671 1319 3732 Dei

128 3807 133 3816 ,
184 3747 285 3823 verbo,
305 3767 458 3830 eorporum
477 3747 653 3812 sanationem
683 3753 744 3814 evis
762 3771 825 3814 esee
843 3755 990 3814 momenti.
1033 3749 1070 3813 ed
1088 3750 1242 3834 Propheta,
1261 3749 1319 3812 Dei

186 3829 366 3890 elementiam
389 3829 420 3888 iu
443 3829 572 3910 reprobis
596 3831 761 3912 quoque'et
779 3831 897 3914 ingratia
916 3833 980 3892 vult
1000 3833 1182 3894 considerari:
1218 3829 1319 3912 ltaque

185 3927 285 3972 aenam
308 3915 365 3980 eat,
394 3909 478 3972 danti
499 3909 592 3971 morbi
611 3931 669 3970 uon
687 3911 813 3972 induunt
831 3931 899 3972 eaeu
918 3911 949 3972 in
969 3911 1114 3986 hominm,
1139 3911 1186 3972 rel
1205 3917 1319 3973 tantum

185 4007 224 4050 ex
242 3985 419 4050 naturalibne
437 3990 529 4048 onmia
549 3991 730 4068 proveniunt,
751 3991 801 4052 aed
820 3997 957 4072 tanquam
977 3989 1034 4052 Dei
1051 3993 1238 4074 apparitores,
1257 3993 1321 4050 eine

184 4069 336 4147 imperium
355 4073 565 4162 exaequantur:
584 4069 624 4131 ita
643 4069 766 4132 eundem
785 4072 880 4167 ipeum
897 4075 948 4152 qui
960 4075 1112 4152 peremit,
1141 4055 1242 4132 ianua
1254 4071 1317 4132 alte·

186 4164 244 4282 qpe
268 4146 327 4206 ullo
346 4151 475 4228 negotio:
501 4149 569 4228 qnia
587 4148 694 4210 auffiot
712 4169 875 4232 praecepere
895 4151 964 4232 quid
984 4151 1046 4212 heri
1060 4152 1143 4212 uelit
1184 4149 1323 4212 Ceterum

186 4245 235 4283 ur

254 4223 415 4304 Prophetae
440 4234 564 4288 mentem
583 4231 772 4304 tenuerimus,
796 4250 856 4290 non
875 4229 951 4294 male
973 4229 1074 4290 deinde
1093 4246 1147 4291 eno
1167 4230 1231 4292 looo
1252 4248 1319 4290 oon·
1427 4249 1428 4270 ¹

187 4305 281 4374 ueniet
300 4323 435 4386 anagoge.
474 4305 507 4368 Si
527 4308 689 4389 corporales
707 4309 801 4370 morbi
818 4298 932 4375 nunniti
947 4307 1003 4371 Dei
1023 4310 1112 4372 veruo
1133 4310 1178 4421 pel
1197 4309 1319 4390 imperio
