2844 4882
188 289 244 348 432
455 305 461 339 ,
541 329 543 334 .
620 265 909 328 t.on'nrrurus

271 415 298 478 1.
328 413 377 474 ue
393 409 563 491 pontus.
604 391 769 474 nennium
794 417 838 474 ec
862 397 941 492 ,tou
954 429 998 474 ‚a
1017 410 1098 476 vuer
1122 429 1163 474 ex
1186 409 1347 493 prorum

149 537 158 566 ,
191 493 301 578 gurgite
320 509 421 551 vocem
441 491 570 550 emittere
590 489 657 574 elicit
674 489 830 572 Propheta,
860 495 961 573 utpote
979 491 1062 552 malis
1081 490 1215 552 obrutus.
1259 487 1347 570 Quia

191 576 268 640 enirn
288 571 417 640 miseriae
437 587 558 648 quarum
579 567 643 628 finis
663 589 722 630 non
741 577 874 652 apparet,
903 571 1131 652 desperationem
1151 572 1215 632 fere
1233 590 1345 632 eccum

191 653 320 726 nabunt,
338 649 410 710 nihil
429 649 519 728 magis
539 647 653 708 difficile
673 669 760 728 qnam
780 670 817 710 ex
837 653 917 731 gravi
937 657 967 710 et
985 643 1049 712 alta*
1061 645 1208 712 moesliiia
1222 653 1346 712 ωἰωοο

167 791 168 800 ,
191 735 316 798 excitare
335 729 372 790 ad
392 727 575 809 precandum.
615 727 654 790 Et
672 730 777 790 mirum
797 736 855 804 est,
886 751 976 810 quum
995 730 1081 792 rebus
1100 730 1184 792 laetis
1205 737 1237 790 et
1258 737 1345 791 tran·

192 814 292 896 quillis
313 811 434 892 frigeant
459 827 572 889 preces,
623 809 669 870 uia
693 815 763 870 tuuc
781 829 881 870 sensus
900 816 1017 872 nosnos
1033 816 1159 890 occupat
1177 813 1342 888 securitas:

191 895 275 956 malis
295 909 369 971 quac
388 905 563 948 acuerenos
583 887 618 948 dc
638 887 732 964 ebant,
752 891 843 970 magis
862 896 977 971 torpere
990 892 1136 952 attonitos.
1156 889 1253 970 Atqui
1265 888 1344 950 Pro·

190 974 277 1058 pheta
296 990 334 1043 err
353 968 503 1040 molestiis,
532 987 615 1044 cura,
644 968 791 1050 perieulis,
814 989 960 1045 moerore,
985 970 1039 1030 snb
1059 968 1165 1050 quibua
1185 970 1344 1033 durem

191 1063 245 1128 est,
264 1047 398 1132 precandi
416 1047 549 1108 fidenam
569 1049 664 1114 sumit.
685 1049 952 1124 numennumen
972 1056 1002 1112 et
1020 1050 1109 1110 studii
1127 1049 1269 1112 ardorem
1290 1070 1344 1110 ex-

190 1135 289 1218 primit
308 1137 367 1190 tam
387 1147 459 1190 voee
477 1130 630 1206 clamoris,
661 1147 748 1208 quem
771 1131 939 1210 repetitione
963 1148 1038 1211 quae
1062 1129 1185 1190 hahetur
1205 1131 1342 1192 seeundo

85 1265 90 1278 ,
188 1233 288 1284 pensu.
328 1207 397 1289 Quo
417 1209 506 1287 magis
526 1205 698 1270 detestabilis
717 1215 762 1270 est
780 1207 900 1272 barbara
918 1207 1101 1290 Papistarunr
1119 1211 1244 1284 inscitia,
1267 1209 1342 1270 dnm

190 1293 342 1356 Psalmum
360 1289 440 1350 huno
458 1288 488 1348 in
508 1307 592 1348 nsum
607 1288 737 1350 'ahenum
755 1288 908 1364 trahentes,
927 1288 1192 1370 foede-protomus
1236 1288 1341 1368 Quor·

190 1393 256 1436 sum
274 1373 354 1449 cuim
371 1369 585 1430 demurmurant
604 1387 672 1431 eum
690 1389 744 1450 pro
771 1369 907 1444 mortuis,
936 1369 993 1432 nisi
1011 1369 1090 1450 qnod
1110 1389 1161 1431 eoa
1180 1368 1340 1432 induerit

191 1453 283 1518 Satan
303 1457 336 1514 ut
355 1449 516 1522 doctrinam
535 1449 664 1529 apprime
683 1449 781 1510 utilem
794 1467 848 1508 suo
860 1447 1007 1530 merilegio
1017 1450 1239 1530 extinguerent?
1260 1447 1341 1512 Nam

189 1529 365 1679 bill
383 1526 652 1670 mette
666 1525 1092 1672 ‘'illllp‘tim’lll‘*
1109 1529 1171 1674 ‘e
1180 1529 1340 1693 ,thim

247 1633 300 1676 nu
322 1631 370 1672 um
670 1629 700 1672 ua
793 1629 812 1670 r
850 1630 859 1668 e
1052 1628 1122 1672 mun
1293 1629 1337 1672 ra-

190 1690 390 1774 comparabilia
408 1687 584 1750 thesaurus..
641 1687 642 1690 ’
729 1699 732 1708 ·
919 1627 977 1690 qm

269 1777 298 1838 3.
327 1776 364 1834 St
386 1775 558 1852 iniquitates
580 1771 716 1832 moes.
755 1767 811 1832 iiio
834 1769 892 1832 iam
915 1769 1022 1835 letata
1049 1789 1084 1832 ae
1103 1770 1196 1832 instas
1223 1789 1338 1914 ppetuu

189 1853 278 1928 luera,
297 1848 481 1931 quantumvis
500 1848 602 1912 miscre
621 1848 742 1910 atiliotus
761 1851 807 1910 ait.
827 1847 921 1930 Porro
935 1869 1028 1932 quum
1046 1870 1100 1916 suo
1117 1870 1228 1932 exemp
1282 1853 1338 1912 toti

189 1933 334 2004 Ecclesiae
353 1927 485 2008 regulam
504 1928 604 2003 dictet,
619 1949 708 1990 nemo
725 1929 787 1992 eine
805 1929 906 2004 humili
925 1930 1124 2012 deprecatione
1141 1929 1245 1994 inlici
1263 1950 1336 1994 non·

110 2019 113 2042 ¹
190 2019 320 2096 spectum
340 2030 374 2072 so¹
390 2009 495 2071 offerre
513 2007 631 2084 autimi,
659 2009 824 2089 praesertim
849 2008 897 2070 ubi
917 2008 1061 2072 Dominus
1079 2029 1179 2072 serere
1198 2031 1258 2072 uos
1277 2017 1336 2072 tra·

174 2101 267 2169 etat,
294 2091 417 2153 sciamus
442 2089 561 2150 eandem
587 2106 661 2168 quae
685 2087 733 2148 hic
756 2089 849 2150 editur
873 2090 1081 2164 mulessiouem
1103 2089 1227 2152 anobis
1247 2092 1334 2170 exigi.

190 2172 267 2237 Nam
286 2172 336 2252 qui
355 2169 402 2231 vel
421 2167 475 2228 sibi
495 2168 648 2240 blanditur,
666 2168 713 2238 rel
731 2169 864 2248 neglectu
883 2187 934 2230 sua
955 2175 1071 2250 pennata
1090 2172 1202 2250 sepelit,
1228 2169 1334 2251 diguus

190 2253 305 2332 estqui
323 2249 450 2312 tabescat
468 2249 498 2310 in
517 2250 576 2310 suia
595 2248 727 2310 miseriisr
746 2255 823 2312 uerte
842 2251 974 2330 indignus
993 2251 1099 2329 estqui
1115 2251 1163 2312 vol
1178 2251 1334 2312 minimum

191 2331 342 2396 levationis
361 2349 380 2390 a
398 2325 463 2390 Deo
488 2329 628 2408 impetret.
668 2326 761 2388 Simul
785 2348 855 2410 ergo
878 2347 913 2390 ac
936 2329 996 2390 irae
1020 2331 1194 2410 suae=signa
1220 2331 1331 2411 profert

190 2411 288 2486 Deus,
307 2410 393 2470 etiam
413 2408 463 2488 qui
482 2407 544 2468 aliis
563 2409 691 2469 omnium
711 2410 905 2470 sanctissimus
925 2409 1052 2484 ridetur,
1076 2409 1209 2473 adhaec
1228 2430 1331 2472 rocem

191 2489 354 2564 descendat,
371 2488 396 2552 si
414 2490 476 2548 iure
495 2486 643 2548 nobiscnm
663 2505 747 2567 agere
760 2495 866 2552 statuat
875 2487 966 2562 Deos,
985 2497 1128 2572 romtqae
1144 2491 1184 2552 ad
1204 2489 1329 2552 hbuual
1398 2467 1399 2546 i

191 2592 286 2646 sunm,
304 2570 447 2632 nerninem
467 2567 629 2630 mortalium
649 2587 733 2647 posse
752 2571 914 2634 consistere.
944 2569 1043 2652 Atque
1062 2577 1094 2632 ut
1113 2571 1214 2632 demus
1235 2565 1327 2635 ubam
1398 2569 1399 2580 ’

190 2649 337 2717 bominem
359 2649 408 2710 hic
431 2649 555 2729 precari,
583 2645 669 2711 amul
693 2655 796 2712 tamen·
814 2651 981 2731 pronuntiat
1004 2649 1041 2712 de
1064 2656 1127 2710 tcto
1151 2669 1256 2728 grume
1272 2651 1328 2712 ha*

63 2787 66 2800 ,
189 2751 291 2804 mano,
320 2729 379 2791 acsi
398 2728 519 2802 diceret,
549 2746 567 2787 a
588 2729 681 2824 primo
702 2748 793 2810 nsque
812 2729 849 2790 ad
869 2729 1001 2797 ultimum
1021 2747 1120 2793 omues
1140 2729 1216 2794 filios
1231 2729 1324 2826 Adae,

189 2813 215 2874 si
233 2809 377 2874 reddenda
395 2809 433 2870 sit
452 2810 527 2870 vilae
545 2813 629 2882 raho,
648 2808 855 2888 perditos'csse
873 2828 909 2870 ac
927 2809 1085 2872 damnatos.
1109 2807 1189 2892 Ergo
1208 2817 1323 2872 mim-

189 2895 277 2954 simos
296 2892 382 2954 etiam
401 2907 533 2970 quosque
551 2887 629 2948 hunc
648 2893 757 2948 reatum
777 2886 871 2955 subire
890 2893 1004 2950 neeesse
1023 2895 1080 2962 est,
1109 2895 1143 2950 nt
1161 2889 1200 2950 ad
1218 2889 1325 2950 miami-

189 2972 302 3032 cordiue
322 2969 435 3047 asylum
454 2967 628 3046 confugiant.
648 2965 710 3028 Nec
728 2971 824 3028 tamen
845 2967 989 3049 Propheta
1008 2969 1207 3042 extenuandas
1225 2970 1325 3050 eulpae
1398 2953 1399 2996 ³

189 3069 276 3114 cansa
295 3049 366 3110 alios
385 3066 484 3107 secum
502 3046 636 3106 involvit:
656 3047 729 3107 sicut
747 3047 926 3129 hypocritae,
946 3048 994 3116 nbi
1013 3069 1072 3110 uon
1087 3050 1194 3112 audent
1210 3069 1326 3131 proram
1398 3039 1399 3090 Ὗ

188 3149 221 3192 se
238 3129 342 3191 iudicio
362 3127 498 3200 eximere,
517 3125 723 3222 subterfugipm
743 3127 800 3186 huc
819 3127 872 3187 ribi
891 3135 1049 3202 accersunt,
1070 3129 1115 3190 An
1135 3129 1250 3211 egorel
1270 3131 1325 3222 pri·

189 3207 311 3272 musvel
324 3206 403 3268 solus
418 3207 552 3288 percarui
571 3214 658 3287 atque
678 3213 717 3266 rta
737 3207 806 3267 dum
826 3227 857 3268 se
876 3209 912 3281 in¹
926 3208 1009 3270 turba
1029 3209 1159 3280 miscent,
1180 3207 1325 3272 dimidiam

188 3289 397 3351 ahsolutionem
416 3305 449 3348 se
467 3285 587 3368 adeptos
605 3286 733 3347 credunt.
773 3286 917 3368 Propheta
937 3305 1006 3348 vero
1030 3288 1087 3349 tale
1110 3289 1251 3371 effugium
1274 3290 1324 3350 mi·

188 3367 1324 3510 ''ttrttttlltttttlttbtritt·titttttttittt‘tf

175 3471 255 3591 'hein
275 3535 422 3590 aeternum
441 3467 705 3665 exitium'elibpere
724 3533 819 3608 queat,
839 3468 897 3586 agnei
911 3525 1037 3602 dixisset,
1056 3525 1196 3608 Quisquis
1210 3470 1325 3588 aceiae

189 3611 219 3672 in
244 3615 431 3690 conspectum
456 3605 526 3681 Dei,
556 3625 640 3688 quam
655 3606 711 3666 ibet
739 3625 803 3666 rara
831 3606 980 3668 sanctitate
1009 3606 1130 3688 polleat,
1159 3607 1325 3670 succumbet
1398 3659 1399 3684 ,

188 3695 294 3765 bmen,
314 3687 383 3769 quid
403 3688 489 3769 igilur
509 3706 621 3748 mecum
641 3685 690 3748 liet
710 3685 760 3764 qui
780 3705 838 3746 noa
858 3705 932 3758 unus,
951 3706 1016 3748 sum
1034 3706 1072 3748 ex
1092 3687 1227 3767 optimis?
1244 3681 1323 3748 Haeo

189 3769 311 3851 genuina
331 3773 375 3829 cst
395 3765 479 3828 huius
499 3767 643 3826 doctrinae
662 3765 824 3846 applicatio,
846 3767 1019 3846 utquisque
1039 3767 1128 3830 vitam
1147 3785 1230 3828 suam
1249 3766 1324 3828 serio
1398 3759 1399 3782 ¹

189 3851 333 3910 exanimet
362 3847 398 3908 ad
428 3845 631 3928 perlectionem
659 3845 739 3906 illam
762 3864 837 3925 quae
860 3844 943 3906 nobis
966 3849 997 3906 in
1016 3843 1092 3926 lege
1115 3846 1323 3928 praescribitur.

188 3929 239 3990 Sic
258 3929 309 3989 liet
328 3933 361 3988 ut
380 3927 441 3988 sine
460 3927 628 4008 exceptione
648 3925 729 3996 fateri
748 3931 877 4006 cogatur,
902 3931 1022 3986 cunctos
1048 3925 1184 3988 mortales
1209 3933 1323 3995 artemo

122 4051 124 4060 ·
189 4011 304 4070 interitu
324 4007 425 4087 dignos
444 4025 520 4066 csse:
550 4006 652 4084 singuli
673 4024 741 4066 vero
761 4025 792 4065 se
812 4005 913 4066 millies
933 4005 1058 4084 perditos
1077 4025 1140 4066 esse
1158 4013 1322 4086 agnoscant.

188 4089 248 4150 lam
259 4107 327 4148 vero
343 4087 428 4148 docet
441 4085 488 4146 hic
503 4086 592 4158 locus,
613 4106 704 4167 quum
722 4085 817 4154 nuilus
837 4086 959 4166 propriis
979 4085 1113 4164 operibus
1132 4092 1208 4148 stare
1227 4091 1322 4164 queat,
1398 4087 1399 4098 ¹

189 4169 352 4304 quicunque
371 4167 440 4226 iusti
463 4172 632 4246 reputantur
656 4184 754 4260 corpm
770 4163 853 4242 Deo,
882 4165 966 4224 venia
989 4171 1020 4224 ct
1043 4166 1210 4247 remissione
1234 4167 1321 4226 iustos

189 4267 263 4308 esse:
288 4247 399 4324 unqu,
414 4252 564 4306 evanescet
584 4264 683 4338 ompes
702 4245 815 4305 rustitie'.
857 4241 894 4306 Et
913 4241 1047 4338 Papistae
1066 4245 1179 4324 quidem
1199 4243 1323 4304 latentur

80 4393 84 4404 ,
188 4326 471 4406 detomumoperum
489 4324 665 4404 indulgentia
684 4325 823 4406 suppleri:
853 4321 913 4385 aad·
928 4343 996 4402 quur
1015 4324 1163 4407 partialem
1181 4324 1323 4388 somniant
