2890 4886
198 265 253 322 203
458 248 476 288 ⁸
612 213 907 318 ¹scaminus

202 405 303 452 omnes
344 386 436 470 opuli‚
461 403 602 482 quaenam
626 387 679 448 erit
697 387 727 448 iu
747 388 864 468 singulis
883 387 1044 474 hominbus
1064 387 1219 450 stabilitas?
1258 387 1339 472 Ergo

202 486 261 530 nnn
281 407 347 540 alibl
368 486 455 546 quam
473 487 504 526 m
523 463 588 525 Deo
607 466 670 526 solo
691 467 851 548 quaerenda
870 467 1078 540 constabilitus.
1232 533 1239 546 ,

282 549 330 610 29.
352 549 426 608 tata
444 568 603 610 servorum
625 545 694 616 „flio
713 546 807 608 verbis
827 545 965 630 significat
984 545 1139 628 Propheta,
1158 568 1268 610 senon
1286 569 1338 632 pe-

202 635 263 690 tere
277 623 420 686 Ecclesiae
433 628 677 688 conservationem
696 629 763 706 quia
783 627 820 687 sit
838 645 905 707 pars
925 627 1180 706 generisbumani,
1200 629 1251 690 sed
1270 631 1341 711 quia

178 705 283 770 'Deus
303 711 384 766 extra
403 704 502 766 mundi
521 705 713 766 revolutiones
732 725 797 766 eam
811 705 953 766 extulerit.
972 703 1011 795 Et
1030 715 1107 769 certe
1125 707 1180 768 bac
1199 707 1262 789 lege
1281 729 1338 769 nos

182 785 257 856 ¹sibi
275 785 402 866 adoptat,
422 791 455 845 ut
472 783 570 844 foveat
588 786 618 844 in
636 785 701 844 sinu
721 805 783 866 suo.
814 783 913 864 Quare
932 807 992 846 non
1011 793 1055 848 est
1073 786 1172 850 illatio*
1182 788 1268 868 longe
1287 809 1339 870 po·

152 905 157 913 1
202 867 270 941 tiu,
295 865 374 946 quod
393 865 468 926 inter
486 865 649 924 innumeras
669 865 822 944 procellas,
846 884 968 946 qrsarum
988 867 1115 949 singulae
1133 867 1263 948 abripere
1282 888 1340 928 nos

202 951 330 1030 possent,
349 943 623 1024 firmamstationem
632 941 776 1006 Ecclesiae
790 951 886 1026 sperat
900 943 959 1005 Pro
980 945 1052 1006 beta.
1073 945 1146 1009 Nam
1166 947 1220 1008 etsi
1238 955 1340 1008 nostra

171 1055 176 1068 ‹
202 1025 287 1106 eulpa
306 1023 420 1083 alienati
439 1041 456 1082 a
476 1021 555 1096 Deo,
575 1024 659 1083 simul
680 1025 761 1110 quapi
780 1023 896 1085 abscissi
914 1044 932 1084 a
950 967 1030 1087 date
1048 1027 1125 1086 vitae
1146 1046 1260 1086 sumus:
1288 1027 1341 1088 ubi

203 1112 300 1170 tamen
320 1101 534 1162 reconciliamur
552 1100 628 1177 Deo,
647 1123 769 1176 rursum*
780 1105 810 1164 in
827 1123 882 1165 nos
902 1105 1025 1166 defluere
1043 1107 1150 1188 incipit.
1189 1105 1272 1168 Unde
1294 1127 1339 1166 so·

204 1185 313 1264 quitur,
331 1181 441 1256 liddae,
459 1184 527 1262 quia
546 1183 663 1264 regeniti
682 1189 748 1243 sunt
768 1184 875 1244 semine
893 1184 1106 1266 incorruptibili,
1126 1205 1144 1246 a
1163 1192 1256 1246 morte
1275 1186 1341 1248 lore

198 1258 1342 1428 Ιῗίῗιιίιθιξιέιξῆἓῖἐιεᾳὶὲιῐίζιωῖιί811ἰίεξιξιιίιίιὶξῗὲιιιίἆείῗῖςιιιἰῐίέῗιῗῑθῐῖ]ἱοίῐῗῗιιιι[ἔιιιέιὼοῗκνιιιιατιῗϋῗέοὲἐ
1375 1339 1381 1346 ’

203 1425 274 1496 Det,
293 1423 360 1502 quia
379 1441 438 1480 non
457 1421 612 1481 secundum
631 1421 730 1503 mundi
749 1385 964 1502 respectum'vel
979 1411 1340 1486 secundum‘communem

203 1503 343 1562 rationem
364 1499 436 1561 coeli
455 1506 485 1562 et
503 1506 596 1560 terrae
613 1499 696 1560 firma
715 1507 759 1561 est
778 1503 892 1582 piorum
911 1503 996 1574 salus,
1016 1503 1066 1566 sed
1085 1524 1139 1585 pro
1158 1512 1255 1564 sancta
1270 1525 1341 1564 con·

204 1575 358 1656 iunctione,
399 1599 453 1640 uae
469 1579 525 1640 ‘illis
545 1586 589 1640 est
608 1600 675 1640 cum
693 1578 766 1640 Deo.
802 1586 907 1644 Somou
925 1592 953 1644 et
962 1585 1052 1661 filios
1068 1591 1188 1664 piorum
1206 1584 1342 1664 intelligit

204 1679 264 1722 non
284 1601 442 1740 quoslibet,
462 1661 528 1740 quia
548 1659 631 1720 multi
650 1679 688 1720 ex
708 1679 792 1720 carne
811 1663 911 1741 geniti,
936 1668 1002 1723 sunt
1021 1661 1191 1744 degenerem!
1216 1664 1267 1723 sed
1287 1665 1340 1744 qui

204 1739 298 1800 afide
318 1745 468 1820 parentum
487 1757 546 1798 non
565 1739 732 1800 desciscunt.
758 1738 874 1801 Diserte
892 1749 987 1802 autem
1007 1749 1105 1802 notata
1124 1748 1167 1802 est
1186 1745 1341 1816 successio,
1429 1767 1430 1798 t

205 1821 272 1899 quia
287 1818 389 1878 foedus
404 1817 441 1878 ad
454 1817 565 1878 suturas
579 1825 685 1878 aetates
698 1819 870 1894 extenditur,
889 1821 1040 1898 utiterum
1056 1821 1212 1883 videbimus
1220 1821 1341 1896 Psalmo

226 1899 347 1958 roximo.
388 1895 476 1975 Quod
500 1898 525 1956 si
549 1904 711 1968 constanter
734 1917 881 1962 servamus
900 1902 975 1962 vitae
1000 1901 1164 1962 thesaurum
1188 1901 1266 1983 apud
1285 1921 1341 1962 nos

204 1919 381 2058 depositum,
409 1995 446 2036 ne
471 1975 647 2052 dubitemus,
676 1979 785 2038 etiamsi
808 1979 975 2040 innumerae
998 1988 1105 2042 mortes
1134 2001 1187 2041 nos
1217 1982 1341 2040 circum·
1370 2013 1372 2020 a

205 2062 294 2130 stent,
314 2075 446 2116 ancoram
465 2055 532 2115 fidei
550 2063 665 2118 nostrae
683 2059 712 2118 in
732 2057 814 2120 coelo
832 2060 940 2120 iacere:
969 2065 1002 2124 ut
1020 2061 1057 2121 in
1069 2058 1135 2122 Deo
1154 2059 1276 2122 resideat
1296 2077 1340 2120 sa-

100 2135 106 2150 ‘
204 2133 273 2196 lutis
291 2142 406 2198 nostrae
424 2133 567 2196 stabilitas.
643 2197 646 2211 ,

546 2485 878 2557 PSALMUS
922 2489 1001 2558 (llll.
1064 2515 1070 2548 t

134 2655 135 2660 ’
204 2661 270 2704 Aac.
283 2661 335 2702 llos
347 2656 439 2702 Paetus
457 2657 549 2700 hatur
564 2659 654 2714 quoqne
662 2659 766 2714 floren,
778 2671 823 2714 pru
840 2673 865 2702 so
877 2661 985 2715 priam&
999 2663 1090 2716 ymas
1102 2663 1151 2704 Deo
1168 2673 1247 2718 agerer
1267 2661 1343 2706 deinde
1429 2689 1430 2706 t

229 2711 235 2734 ἱ
281 2743 326 2785 pre
340 2728 444 2772 conani
454 2729 547 2784 gratio,
559 2742 602 2785 quo
614 2743 667 2772 scos
681 2728 761 2772 clectos
774 2729 878 2785 δι’ςωω
891 2731 1029 2787 ut,soedss
1041 2731 1125 2774 eulatie
1136 2733 1161 2774 ι’»
1173 2735 1233 2787 hege
1245 2747 1341 2788 mpu-
1429 2785 1430 2802 Χ

284 2800 396 2856 ciscesdo,
423 2808 465 2857 pso
488 2799 613 2854 adoptionis
629 2813 684 2841 asae
694 2801 819 2858 partiqipee
829 2800 927 2856 faceret.
957 2803 1082 2858 Praecipue
1097 2817 1148 2844 aero
1167 2803 1342 2846 misericordia·
1429 2817 1430 2836 t

284 2871 427 2928 mnata,
439 2883 483 2927 quo
495 2873 558 2912 Dese
565 2868 671 2924 populun
682 2883 757 2926 suun,
775 2869 826 2912 licet
837 2870 944 2924 grauitas
953 2875 1030 2926 poenis
1044 2874 1143 2928 dignun,
1156 2875 1250 2916 sustinet
1264 2888 1292 2916 ae
1305 2879 1342 2915 to-

284 2939 357 2982 lerat.-
374 2954 440 2997 nopae
456 2941 492 2996 r‘d,
510 2941 583 2982 meriti
599 2939 634 2981 set
650 2939 767 2992 dignitatis
786 2947 897 2997 respectes,
915 2942 955 2984 ced
970 2945 1023 3000 patio
1036 2945 1083 2986 tiss
1089 2943 1222 3000 fragilitati
1233 2943 1341 3000 indulget.

285 3010 377 3054 Taedae
388 3007 487 3064 smus
501 3009 589 3051 laudm
600 3009 673 3064 elogio
686 3009 792 3052 Prolatus
805 3010 924 3053 clauditur.

247 3147 389 3218 Doridis.
424 3140 455 3216 1.
477 3147 616 3218 Benedic
631 3147 735 3217 anima
750 3173 822 3218 moa
843 3149 989 3236 lebovae,
1010 3163 1043 3221 et
1065 3153 1173 3220 omnia·
1192 3153 1341 3220 interiora
1429 3153 1430 3222 i

203 3278 276 3325 mea
297 3254 421 3323 nomini
441 3263 551 3322 sancto
573 3255 651 3324 cius.
695 3255 727 3322 9.
755 3255 895 3326 Benedic
915 3259 1020 3326 anima
1041 3283 1111 3328 mea
1135 3257 1288 3344 lehovae,
1309 3271 1343 3328 et

143 3381 147 3395 ’
204 3385 247 3431 ne
269 3361 462 3430 obliviscaris
483 3361 628 3429 omnium
648 3383 818 3429 munerum
840 3362 916 3430 eius.
957 3366 989 3432 3.
1016 3365 1080 3450 Qui
1107 3365 1266 3456 propitius
1292 3375 1343 3432 est

209 3467 359 3535 omnibus
380 3467 595 3558 iniquitatibus
617 3466 695 3552 tuis,
717 3467 772 3558 qui
794 3479 883 3536 sanat
905 3493 1017 3539 omnes
1039 3471 1234 3538 infirmitates
1255 3477 1357 3540 tnast'
1429 3481 1430 3496 ¹

122 3644 126 3654 ,
205 3569 238 3642 4.
260 3573 324 3660 Qui
345 3573 506 3642 redimite
525 3573 670 3665 sepulcro
687 3573 785 3642 vitam
805 3585 904 3659 tuam,
925 3577 981 3666 qui
1002 3589 1034 3645 te
1057 3587 1188 3650 coronat
1209 3577 1345 3646 clemen·

204 3680 248 3748 tia
271 3690 305 3747 et
325 3678 592 3748 miserationibus:
619 3680 653 3747 5.
676 3679 740 3765 Qui
762 3679 854 3748 satiat
876 3683 962 3750 bono
984 3683 1129 3751 maxillas
1150 3694 1232 3768 tuas,
1253 3704 1343 3750 reno

205 3785 329 3856 rabitur
350 3795 503 3876 tanquam
525 3784 648 3878 aquilae
670 3785 798 3854 iuventa
819 3797 883 3856 tua.

285 3967 315 4028 1.
339 3967 470 4026 Bowdtc
489 3975 600 4026 aalma.
640 3963 785 4047 Propheta
805 3987 835 4028 se
853 3968 948 4048 ipsum
967 3967 1004 4028 ad
1023 3969 1224 4051 gratitudinem
1243 3969 1343 4028 stimu-

204 4043 277 4119 lans,
297 4064 350 4109 sno
369 4044 502 4126 exemplo
523 4044 606 4105 docet
625 4045 695 4139 quid
714 4046 831 4126 singulis
846 4048 986 4127 agendum
1001 4049 1046 4108 sit.
1067 4047 1105 4108 Et
1118 4055 1194 4109 certe
1210 4049 1343 4130 segnities

203 4131 302 4184 nostra
327 4124 381 4184 bac
404 4125 434 4184 in
457 4129 539 4206 parte
563 4126 706 4185 contmuis
730 4125 850 4186 stimulis
869 4146 944 4206 opus
964 4125 1062 4187 babet:
1092 4129 1151 4187 imo
1171 4128 1195 4188 si
1215 4145 1252 4187 ne
1272 4126 1344 4186 Pro·
1429 4199 1430 4206 ἵ

225 4201 291 4263 beta
311 4203 426 4283 quidem
444 4204 521 4284 ipse,
547 4205 597 4284 qui
622 4203 755 4286 singulari
779 4205 936 4287 antepah'os
956 4205 1020 4268 uelo
1040 4205 1184 4288 fervebat,
1207 4207 1359 4286 immunis¹
1429 4207 1430 4252 i

203 4221 260 4342 luit
279 4281 315 4342 ab
334 4281 390 4344 hoc
409 4283 438 4364 pi
473 4285 538 4344 'tiae
557 4281 668 4358 morbo,
687 4283 770 4343 sicuti
785 4283 891 4346 latetur
905 4285 1030 4365 seipsum
1044 4286 1213 4346 sollicitans:
1234 4293 1344 4366 quanto
1429 4343 1430 4348 ,

204 4357 287 4421 nobis
306 4361 378 4424 baec
396 4383 427 4424 m
464 4364 535 4424 'cina
555 4363 644 4446 magis
663 4365 822 4424 necessaria
840 4371 898 4444 est,
922 4367 973 4448 qui
997 4366 1106 4448 proprii
1125 4366 1256 4448 corporis
1275 4366 1343 4448 plus
1429 4399 1430 4404 κ
