2874 4888
610 302 629 342 i.
660 303 903 346 cAhViiiUS

515 703 846 788 astamus
889 707 1004 778 XCIV.

195 885 261 926 Arra.
275 877 383 936 raptor-a
396 877 503 922 miliar·
509 879 554 922 vet
566 842 766 934 medicamina
778 887 801 922 rt
812 879 919 924 violenter
932 881 970 938 pei
982 881 1094 936 tyranice
1106 885 1129 922 rt
1141 879 1259 924 maetam
1272 884 1333 924 su-

276 959 324 994 ctos
337 949 491 1012 opprinphut.
517 951 565 992 areo
581 949 668 992 datan
685 951 736 1006 ptri·
748 950 774 992 de
787 951 953 1006 oppreaeenrihne
967 951 1091 993 denerata-te
1104 951 1220 1008 loquetura
1239 966 1335 1008 quom

273 1023 348 1078 iniqu
361 1021 478 1064 dre-inette
491 1033 534 1062 m
545 1019 615 1062 nisu
627 1022 719 1066 aurate
736 1021 828 1065 nolente
844 1028 867 1064 et
883 1021 966 1077 inficta
982 1027 1043 1076 nrt,
1064 1035 1128 1078 qm
1145 1023 1216 1065 aare&
1231 1024 1335 1065 Galin-

273 1092 375 1138 iniuriae.

123 1229 126 1238 ’
241 1236 272 1300 1.
295 1233 385 1300 Deua
406 1229 564 1298 ultionum
584 1229 710 1314 lehova,
731 1228 822 1298 Deua
844 1229 1002 1300 ultionum
1023 1229 1149 1322 affulge:
1176 1231 1208 1298 2.
1230 1229 1334 1300 Eieva

140 1383 145 1390 ·
196 1339 341 1410 teludcx
362 1347 473 1422 terrae,
496 1327 592 1405 redde
614 1335 792 1404 mercedem
814 1337 967 1429 superbis.
993 1337 1026 1406 3.
1048 1337 1224 1428 Usquequo
1241 1339 1334 1428 impii

195 1447 323 1530 lehova,
342 1466 512 1535 usquequo
527 1443 616 1534 impii
627 1441 848 1510 exsultabunt?
869 1441 901 1510 4.
918 1443 1081 1540 Effutiuot,
1091 1443 1266 1534 loquuntur
1276 1445 1335 1510 du-

196 1556 279 1635 riter,
302 1550 458 1620 extollunt
473 1573 508 1618 se
525 1571 637 1617 omnes
653 1549 785 1640 operarii
806 1549 990 1640 iniquitatis:
1014 1549 1045 1615 5.
1067 1548 1226 1641 Populum
1237 1559 1332 1618 tuum

154 1701 163 1710 ·
196 1660 313 1754 lehova
335 1667 511 1740 conterunt,
532 1665 565 1723 et
585 1653 808 1724 haereditatem
830 1665 919 1722 tuam
941 1653 1094 1748 affligunt:
1138 1655 1171 1724 6.
1194 1655 1332 1760 Viduam

197 1777 230 1836 et
250 1764 450 1858 peregrinum
470 1760 668 1846 interficiunt,
689 1760 882 1853 etpupiilos
903 1761 1059 1830 occidunt.
1079 1840 1081 1849 Ι

277 1950 305 2008 1.
333 1948 417 2007 Deua
444 1946 599 2010 uiliorem
638 1941 757 2004 Certum
780 1949 824 2004 eat
847 1941 967 2005 tuorem
990 1943 1072 2004 malie
1096 1943 1195 2005 vicinia
1218 1940 1330 2006 cinctuti

197 2027 300 2101 iniere,
328 2025 458 2106 adeoque
480 2024 600 2085 totidem
624 2021 712 2084 fniaae
733 2025 885 2084 acerrimae
909 2023 1006 2084 hoster
1025 2015 1031 2042 ¹
1052 2023 1081 2084 ni
1104 2027 1280 2086 eos'vexare
1297 2033 1331 2086 et

171 2151 177 2189 ⁶.
196 2107 316 2187 fatigare
334 2125 393 2166 non
413 2103 568 2164 ceamhant.
607 2101 665 2164 Sed
684 2123 775 2184 quom
793 2104 887 2185 impiia
905 2123 958 2184 pro
977 2103 1026 2164 lih'
1046 2105 1092 2164 ine
1110 2104 1333 2180 dominantibus,

196 2188 315 2248 interior
333 2185 449 2246 afflictio
469 2183 566 2244 dumne
584 2201 635 2244 eoa
654 2191 777 2266 urgereu
795 2185 903 2244 merito·
918 2181 1013 2244 Deum
1032 2184 1164 2246 inclamat
1175 2183 1330 2266 Propheta,

196 2267 231 2328 rit
249 2274 309 2327 tam
328 2263 435 2326 exitiali
454 2263 531 2326 maio
550 2263 705 2324 remedium
724 2265 832 2324 afferat
852 2261 1211 2344 Loqunuosrtietrmea,
1230 2269 1331 2327 Deoua

197 2369 342 2430 opponere
360 2351 550 2425 comptorum
568 2349 596 2404 et
615 2345 645 2403 in
664 2343 785 2403 anhiime
803 2344 897 2406 efferri
916 2345 985 2404 dnm
1003 2345 1154 2406 maniiaato
1173 2345 1278 2406 effecto
1296 2366 1331 2407 aa

197 2429 339 2490 vindicem
358 2427 545 2486 demonstratr
566 2423 633 2504 quia
649 2424 840 2486 toncvidatur
859 2422 982 2484 tribunal
1000 2425 1189 2484 conscendere
1209 2433 1242 2486 ut
1260 2445 1329 2508 poe·

196 2527 248 2570 nae
267 2509 362 2587 exigat
381 2506 417 2566 de
437 2503 597 2567 sceleribus.
616 2510 645 2563 et
664 2505 798 2564 virtutem
822 2521 904 2562 enam
923 2523 1055 2566 emerere
1074 2504 1182 2564 mnodo
1200 2506 1232 2566 in
1251 2506 1327 2566 ordi·

197 2607 264 2648 nem
283 2586 419 2666 cogendo.
459 2583 555 2664 Atque
573 2582 603 2642 id
623 2583 725 2644 dicitnr
742 2588 873 2663 respectu
892 2583 995 2644 nostrie
1025 2585 1092 2664 quia
1112 2605 1170 2644 oon
1189 2587 1329 2646 sentimus

197 2663 848 2806 ittarta0⁹¹¹ttt⁰ti¹rtittzit⁰⁰
867 2667 1329 2825 ‘atttttthttdhtrtt

196 2834 320 2898 tionum,
340 2760 546 2882 deinddludex
564 2831 671 2894 ternae,
690 2821 805 2902 proprie
820 2783 953 2902 'spectant
972 2821 1041 2883 haec
1055 2783 1179 2904 epithe'ta
1194 2823 1231 2884 ad
1247 2843 1327 2905 prae·

181 2906 284 2966 xacutia
305 2919 407 2963 canaaa
426 2901 678 2960 circumstantiam
698 2905 756 2960 acsi
774 2902 869 2981 ipanm
888 2901 975 2963 officii
986 2905 1031 2962 rui
1045 2911 1173 2963 moneret
1183 2903 1329 2985 Propheta

196 2983 243 3044 hir
263 2983 367 3056 verbis,
386 2978 512 3042 Domine
529 2986 613 3048 tuum
632 2986 676 3040 art
694 2981 848 3042 vindictam
867 3001 979 3044 sumere
999 2983 1034 3042 de
1053 2982 1204 3048 sceleratio.
1222 2991 1253 3045 et
1272 2991 1328 3044 ter·

116 3079 126 3084 ·
198 3083 261 3124 ram
280 3063 419 3134 iudicare,
442 3059 522 3120 videa
546 3065 654 3134 antem,
678 3060 747 3120 dum
770 3061 887 3142 impune
905 3069 1047 3140 pascatur
1065 3045 1164 3122 eordm
1184 3063 1329 3143 iniquitas,

197 3149 232 3202 nt
240 3161 340 3202 eornm
352 3141 467 3200 andacia
477 3145 611 3220 proterve
619 3140 743 3201 inanitet.
764 3138 830 3201 Non
845 3143 923 3221 quod
937 3142 994 3201 ulla
1003 3142 1194 3204 admonitione
1204 3143 1330 3224 indigeat

198 3221 281 3282 Deua
301 3222 351 3302 qui
370 3239 517 3300 nunqnam
537 3224 642 3300 torpet:
672 3223 742 3300 quin
762 3221 858 3302 potina
878 3221 946 3282 dnm
961 3222 1041 3282 iente
1060 3223 1186 3284 cunctari
1205 3223 1328 3300 videtur,

191 3297 917 3442 'ttttttttitt’diddiariiiit‘¹¹'
940 3302 1328 3444 tttzt‘uzdsittz·

153 3429 155 3440 Ι
197 3462 271 3521 eiam
295 3463 421 3520 animent
446 3467 476 3520 et
498 3399 681 3520 exstimnIddrt
700 3459 737 3519 ad
756 3419 888 3539 precandi
899 3400 1128 3521 (iuramentum
1158 3481 1217 3542 quo
1240 3463 1328 3523 etiam

195 3542 319 3624 pertinet
342 3541 482 3620 repetitio.
521 3538 620 3618 ltaque
645 3559 703 3618 quo
728 3539 899 3618 petulantior
922 3541 1072 3616 lascivient
1092 3543 1185 3621 impii,
1214 3561 1328 3622 eempcr

196 3627 328 3680 occurrat
347 3620 428 3680 nohis
448 3619 517 3679 haec
537 3618 674 3694 doctrina,
694 3638 753 3678 non
774 3639 857 3699 porea
875 3627 971 3680 tamen
991 3620 1047 3680 hoc
1061 3620 1166 3682 auferri
1178 3621 1240 3682 Deo
1255 3623 1328 3702 quin
1391 3642 1393 3646 ⁴

195 3700 294 3760 mundi
314 3701 350 3760 ait
369 3699 455 3758 iudex
473 3699 510 3758 ad
529 3697 697 3778 exigendam
721 3698 757 3757 de
776 3698 927 3760 aoeierihus
946 3700 1109 3760 vindictam.
1137 3699 1175 3760 Et
1196 3703 1328 3781 quamvis

217 3801 249 3840 ro
269 3781 361 3840 carnia
380 3785 494 3838 nocuae
514 3797 599 3838 senen
615 3775 696 3838 Deua
710 3776 833 3838 tenebris
846 3779 972 3840 incinana
986 3780 1081 3854 lateat,
1102 3781 1175 3842 hano
1193 3781 1330 3861 precandi

195 3799 412 4000 ipphmczprtpnpe
431 3875 447 3918 a
455 3857 694 3998 aSffplipitntaarroto
714 3857 850 3933 dictatur,
873 3877 934 3920 non
952 3859 1114 3922 dubitemne
1132 3861 1270 3943 arripere,
1294 3867 1330 3922 nt

196 3959 210 3999 a
352 3955 436 3998 nem
542 3955 597 3997 ea.
1311 3959 1317 3968 ·

275 3999 313 4082 3ss
340 4021 493 4102 Uaprmquo
512 3959 605 4096 depae
644 4015 798 4078 Fervorem
821 4035 905 4078 enum
930 4017 987 4080 hoc
1010 4037 1097 4080 verra
1120 4025 1238 4080 excumt
1256 4017 1328 4080 Pro·

218 4095 293 4174 heta,
312 4100 378 4178 qnia
398 4099 564 4176 tempestiva
584 4098 621 4156 ait
639 4097 790 4170 festinatio,
811 4096 880 4158 dum
895 4099 1005 4160 nahum
1019 4099 1199 4179 superbiendi
1208 4099 1329 4160 modum

196 4117 305 4238 faciunt
324 4177 464 4258 improbi..
496 4175 573 4253 Quia
592 4177 677 4256 igitur
695 4177 846 4238 necessitas
865 4177 969 4240 addere
988 4179 1069 4240 nohis
1090 4179 1172 4241 dehet
1191 4181 1329 4251 animum,

197 4261 230 4316 nt
249 4258 371 4316 sciamus
391 4259 478 4318 instar
497 4274 595 4336 precer
614 4255 782 4316 exauditum
802 4257 851 4332 iri,
875 4265 996 4320 testatur
1013 4259 1061 4319 hic
1080 4258 1226 4339 Propheta
1246 4276 1328 4318 auam

197 4330 402 4412 querimoniam
421 4355 480 4396 non
500 4335 535 4396 de
555 4333 643 4395 nihilo
663 4335 709 4394 vol
730 4336 785 4396 levi
805 4336 841 4396 de
860 4355 944 4398 cauea
968 4339 1058 4412 naret,
1087 4338 1137 4400 aed
1163 4338 1329 4418 extorqueri

196 4413 248 4476 sihi
267 4417 439 4496 graviaaimia
458 4417 575 4476 iniuriis.
616 4414 835 4480 Circumstaotia
854 4419 940 4480 etiam
959 4419 1095 4500 temporie
1113 4419 1150 4480 ad
1169 4417 1329 4500 aagendam
