2862 4888
447 289 463 330 ¹.
501 259 546 300 tn
573 257 734 300 neuun.
761 257 868 300 nxxnne
1227 257 1246 312 ἰ

116 377 250 476 ωᾞα·
276 381 419 478 notitiam.
458 379 560 462 Neque
584 387 696 476 tantum
719 377 867 478 ambigunt
889 381 964 442 uitae
981 377 1077 454 Deua,
1100 379 1151 440 aed
1177 395 1244 442 com

112 461 319 638 {affl
328 458 1244 658 ditib'llballldillu‘lul,'q”liu“¹iul⁰.¹tdfldil

111 619 894 780 ἪἫ.
991 617 1243 764 laha

108 799 161 840 cene
178 777 256 839 Deo.
300 778 363 840 Sed
382 777 430 842 bio
451 779 535 856 nelei-t
547 775 651 854 David,
671 779 748 858 ipaos
769 799 885 860 qnoque
926 779 1003 840 delae
1022 779 1162 852 vacillare,
1181 799 1241 860 uun

107 859 176 938 quud
199 866 398 940 pnorumpant
424 860 453 919 iu
473 861 556 918 iatam
576 857 788 939 blasphemiam,
813 859 863 918 ted
883 861 1026 938 quianon
1067 865 1241 934 assentetu-

106 941 149 998 tim
167 939 361 998 sueoniam
370 939 422 999 ubl
441 957 552 998 eeaaaoe
569 939 682 998 ettam
694 935 772 998 llens
791 937 821 999 in
840 957 894 998 ano
914 937 1019 998 allicio.
1044 879 1119 998 dota
1138 937 1241 1000 catilla

103 1017 293 1098 expostulatio
305 1017 444 1080 leaemiae
457 1023 502 1092 12,
514 1024 542 1080 1.
562 1017 696 1086 laetanea
708 1016 840 1092 Domine,
859 1025 887 1079 et
898 1026 975 1078 necta
993 1017 1094 1078 iudicia
1115 1025 1179 1078 tna:
1198 1019 1240 1078 iu-
1281 1043 1285 1057 ·

104 1101 177 1156 terim
196 1099 279 1156 sente
301 1101 337 1158 in
356 1104 483 1158 mentem
501 1099 610 1179 litigare
629 1105 734 1170 uuum,
755 1097 833 1178 quud
853 1099 899 1156 via
918 1099 1071 1179 impiorum
1091 1117 1240 1180 praepete-

103 1187 151 1236 tur.
190 1175 270 1236 Hinc
299 1185 423 1260 apparet
448 1179 592 1264 quomodo
616 1179 678 1258 pias
703 1197 819 1258 quoque
844 1185 953 1238 mentae
973 1183 1082 1260 pungat
1101 1177 1240 1240 dubitatio

103 1257 133 1315 de
150 1257 338 1338 praudentia
357 1257 427 1317 Deie
446 1257 495 1317 sed
519 1264 616 1318 tamen
635 1277 693 1317 nou
713 1261 826 1338 penltno
846 1257 989 1318 vulneret:
1010 1257 1241 1338 qnia'praelatuu

101 1335 232 1410 buain,
253 1335 388 1398 Faenum
406 1336 463 1396 huc
481 1337 568 1401 ruodo
588 1336 643 1400 albi
661 1339 796 1401 inliciens.
830 1334 933 1434 Neque
951 1344 1048 1396 tamen
1067 1355 1179 1419 semper
1197 1338 1239 1397 ita

101 1423 203 1475 mature
222 1413 578 1497 praeoccupantSatanue
596 1418 721 1490 insidiae,
741 1417 811 1502 quin
830 1417 985 1477 dubitando
1005 1417 1148 1498 inquirant
1167 1435 1238 1512 quo·

100 1495 179 1555 nodo
197 1494 263 1556 lieri
285 1495 542 1578 pendentilem,
567 1497 747 1558 aimundum
767 1498 890 1578 mpicit,
914 1497 1000 1558 sebna
1019 1502 1077 1558 tam
1097 1497 1238 1556 inundtna·

103 1577 135 1634 tia
155 1595 211 1634 uus
239 1581 404 1636 euocuml.
443 1574 551 1636 Eorum
596 1577 626 1636 ni
651 1578 736 1659 impie
761 1585 858 1637 oontm
880 1573 973 1638 Deum
998 1576 1152 1651 blaterant,
1175 1577 1238 1636 eiua

102 1655 311 1734 pmvideantiam
331 1654 470 1736 negando,
489 1663 557 1716 snut
575 1595 633 1718 dno
653 1673 764 1738 genera
805 1655 930 1734 Quidam
953 1659 1029 1718 enim
1055 1657 1150 1738 palam
1169 1674 1236 1716 evo·

104 1739 176 1792 ment
199 1753 270 1794 snae
298 1734 503 1818 blasphemiae,
529 1735 605 1816 qnod
626 1734 707 1796 Deua
731 1737 791 1797 otio
816 1755 869 1796 suo
893 1743 923 1796 et
946 1736 1052 1797 delitiis
1076 1742 1236 1811 contentus,
1361 1760 1364 1776 ·

103 1813 224 1873 tumme
249 1833 343 1875 omne
365 1817 515 1895 imperinm
538 1818 694 1896 permittat.
733 1815 800 1888 Alii,
826 1815 956 1898 quamvis
979 1817 1060 1877 taciti
1079 1817 1155 1876 iutna
1175 1835 1235 1876 aar·

103 1891 176 1952 heaut
195 1913 265 1954 aues
287 1897 484 1975 cugltatiunea⁹
502 1894 632 1956 fremunt
647 1902 740 1956 tamea
760 1895 850 1956 nihilo
869 1896 973 1970 minna,
998 1903 1027 1957 et
1046 1893 1144 1956 Deum
1161 1895 1236 1956 iain-

104 1975 185 2034 atitiaa
210 1975 258 2034 ael
278 1976 410 2056 tot-ponit
433 1981 582 2048 anement,
601 1975 679 2056 qnod
704 1978 856 2036 connivent
874 1976 910 2035 ad
931 1977 1045 2050 acelua,
1064 1977 1128 2058 pina
1147 1975 1234 2056 negli·

103 2059 155 2132 gat,
174 2053 314 2136 aiuntque
338 2055 432 2115 omnia
457 2053 587 2136 diaaipani
611 2073 645 2114 ac
668 2074 783 2136 peanum
802 2055 857 2114 iret
886 2056 927 2152 pii
951 2063 1056 2132 antem,
1080 2062 1234 2135 antequmn

105 2149 200 2212 prauae
214 2135 296 2195 istae
315 2141 345 2194 et
363 2132 500 2194 celandae
519 2135 703 2216 cogitationen
717 2141 866 2216 penetrent
884 2153 1023 2196 meorum
1034 2137 1152 2210 animoa,
1171 2153 1234 2196 aeae

108 2219 249 2274 mouerant
276 2215 311 2273 iu
337 2211 394 2273 Dei
418 2215 525 2274 einum:
549 2233 643 2294 neque
667 2215 744 2273 alind
768 2220 880 2296 petunt¹
894 2233 981 2294 quam
1005 2215 1185 2296 acquiescere
1202 2214 1234 2275 in

108 2292 203 2350 amnia
219 2294 289 2353 eiua
313 2294 433 2367 iudiciis,
457 2313 579 2374 quonum
604 2293 676 2353 ratio
699 2295 777 2372 ipson
801 2289 882 2373 lugn'l.
922 2292 1030 2354 Seuane
1054 2313 1086 2353 er
1104 2314 1123 2353 o
1148 2292 1233 2353 buine

105 2368 155 2429 loci
170 2379 219 2444 eet,
237 2393 304 2434 nun
323 2373 411 2434 modo
436 2375 550 2454 impios,
569 2391 659 2468 quom
684 2373 782 2432 vident
806 2391 852 2431 ree
870 2373 901 2432 in
920 2372 1028 2432 mundo
1047 2316 1233 2446 malannum,

104 2448 223 2512 numae
247 2453 322 2514 dnae
346 2471 463 2514 caucum
486 2455 652 2534 impannme
676 2451 726 2512 sed
750 2453 761 2512 i
795 2469 828 2512 oo
853 2469 970 2546 quoque
988 2451 1087 2512 fideles
1107 2453 1231 2526 concuti,

106 2535 134 2588 ut
149 2531 217 2592 ambi
237 2540 294 2594 aut
313 2533 349 2592 da
368 2531 542 2615 pnopidentia
558 2531 627 2592 Deie
647 2539 678 2594 et
696 2532 767 2594 mira
787 2531 861 2592 iliter
879 2531 992 2592 rabaam
1002 2530 1057 2592 Dei
1076 2549 1173 2608 mann,
1191 2549 1231 2592 ne

105 2609 228 2674 inbaoa
291 2631 325 2672 ao
343 2631 460 2694 pmmna
479 2619 651 2694 mergantur.

171 2695 217 2754 to.
236 2695 321 2754 Ecce
338 2701 399 2754 tati.
439 2688 529 2769 Quasi
553 2711 604 2772 per
623 2692 821 2774 hypotyposin
841 2690 1015 2752 demonstrat
1035 2689 1126 2772 qualia
1145 2688 1230 2750 inerit

105 2767 151 2828 iata
168 2773 324 2833 aemulatio
344 2790 419 2852 qnae
437 2772 498 2831 eins
518 2775 643 2831 animum
664 2789 755 2853 prope
768 2771 958 2844 labefactavit,
976 2769 1052 2832 Ecce
1072 2788 1162 2852 quum
1181 2769 1230 2830 iuti

103 2849 218 2912 aalma
244 2854 305 2912 eint
324 2852 462 2924 hominen,
486 2851 636 2932 qnioucnnt
654 2858 749 2912 tamen
773 2850 847 2912 beati
865 2852 895 2911 in
915 2854 973 2910 anio
994 2851 1108 2924 deliciis,
1128 2855 1157 2910 et
1176 2869 1229 2931 po·

103 2931 179 2992 lmt'n
197 2935 336 3006 eminent,
355 2951 448 3011 neque
466 2931 496 2990 id
515 2930 550 2990 ad
571 2951 677 3013 paucos
696 2932 765 3005 diae,
791 2931 841 2991 aed
861 2931 995 2991 dintumu
1014 2936 1044 2990 ct
1064 2929 1145 3010 qnasi
1164 2949 1228 3009 pet·-

163 3029 180 3070 o
204 3031 303 3072 oman.
345 3010 424 3090 Quid
443 3018 539 3071 antem
558 3012 651 3070 mbas
670 3017 907 3088 cousentaneum,
932 3029 1017 3091 qnam
1038 3008 1228 3072 liberalitera

182 3092 300 3152 tracta·
324 3109 449 3171 quornm
473 3090 549 3171 apud
574 3090 703 3150 hominen
727 3091 838 3150 infamia
863 3097 908 3151 eat
931 3107 965 3150 ac
984 3089 1155 3151 detestabilia
1174 3089 1226 3150 im·

101 3167 237 3248 putatu?
257 3174 286 3238 n
315 3175 355 3240 W
374 3189 522 3252 perperam
542 3168 589 3229 bic
613 3189 666 3250 pso
684 3169 792 3230 mnodo
812 3170 894 3230 multi
913 3171 1067 3250 accipiunto
1087 3171 1154 3252 qnia
1173 3187 1228 3250 po-

101 3249 152 3308 tios
176 3271 232 3312 cun
277 3253 365 3310 euhoe
388 3247 483 3309 David
507 3249 542 3309 de
566 3249 657 3308 atabili
683 3255 713 3308 et
744 3247 878 3308 diuturna
907 3249 1039 3309 felicitate
1062 3250 1249 3329 impiorum*

103 3346 168 3407 quae
185 3338 233 3392 tae
255 3333 283 3390 ‘u
302 3345 400 3393 morae
419 3329 509 3390 bonon
529 3327 651 3389 conticit.
681 3326 780 3407 Quum
800 3349 869 3410 engo
888 3329 1038 3390 aoclemtua
1057 3329 1152 3389 videat
1166 3327 1225 3388 Da·

101 3407 143 3467 sid
164 3417 226 3472 iam
251 3411 374 3470 suaviter
399 3409 500 3469 aDco
519 3407 621 3482 inveni,
645 3405 681 3468 ad
706 3410 831 3491 teipsum
855 3408 1010 3470 descendit:
1036 3415 1065 3470 et
1084 3409 1152 3488 quia
1171 3408 1225 3469 nihi

102 3505 178 3549 verae
195 3490 347 3574 probitatia
366 3491 496 3549 conacitn
515 3495 569 3564 eet,
588 3507 683 3548 acutam
694 3487 833 3570 disceptat
852 3489 921 3569 qnid
931 3489 1069 3570 profuerit
1087 3487 1224 3548 iustitiam

102 3568 253 3644 ecleae‚·eo
273 3569 352 3650 qnod
370 3571 471 3630 nabere
489 3568 650 3629 afflictatur.
683 3567 760 3628 Dicit
779 3571 894 3628 animae
914 3571 1043 3652 qoutidie
1052 3570 1224 3650 flagellari,

101 3649 472 3790 hathubaldi
490 3645 1223 3795 ’ldlltttmtltltttttdl‘atille

101 3801 196 3870 habene
215 3829 267 3870 oon
286 3815 317 3868 et
335 3827 421 3888 purae
439 3827 551 3881 manns,
571 3827 660 3887 quum
680 3769 727 3868 ule
746 3808 874 3868 assiduae
893 3808 1059 3868 afflictiones
1079 3812 1223 3879 maneant,

103 3890 226 3968 etqaaai
250 3886 384 3950 excubias
409 3895 494 3968 agant
517 3886 552 3946 ad
580 3907 628 3948 me
652 3885 848 3969 excipiendum
872 3889 963 3969 prima
988 3906 1100 3951 annona.
1143 3884 1222 3946 Haec

26 4035 27 4038 Ἴ
102 3966 168 4028 enim
192 3969 318 4031 conditio
344 3969 466 4028 ostendit
488 3965 597 4028 nullam
620 3985 683 4027 ease
708 3986 805 4028 coram
825 3965 890 4028 Deo
914 3968 1090 4028 innocentiae
1114 3984 1220 4026 meroe·

102 4043 171 4110 lene
195 4049 263 4129 quia
282 4066 351 4108 anon
369 4047 493 4108 cultores
512 4047 599 4127 paulo
618 4046 769 4108 humaniue
787 4053 931 4109 tractaret.
969 4046 1061 4108 Poma
1081 4047 1148 4126 qnia
1168 4045 1221 4106 dn·

102 4121 162 4188 abus
180 4127 308 4209 partibus
328 4133 440 4187 cunctat
459 4145 527 4186 vera
546 4127 690 4207 iutegtitaa
708 4127 832 4208 piorum,
851 4145 954 4208 nempe
993 4128 1095 4186 unitata
1115 4126 1219 4201 condia,

102 4207 127 4262 et
146 4215 261 4269 autema
289 4226 408 4289 operum
431 4207 552 4284 institia,
581 4214 733 4287 utramque
755 4214 867 4290 partem
887 4148 992 4268 David
1005 4204 1058 4266 eibi
1077 4205 1218 4266 vendicet.

103 4275 154 4345 llos
169 4306 293 4369 qunque,
311 4287 374 4348 eiua
393 4285 534 4368 exemplo,
554 4285 695 4348 dlacamna
713 4305 762 4349 eas
781 4288 961 4368 muiuugere,
979 4287 1146 4370 aeincipem
1155 4286 1218 4368 qui·
