2890 4886
1247 127 1254 166 r

1247 179 1252 205 i

554 265 785 326 ars'rarssr.
813 285 883 328 carr.
1224 267 1280 349 263’

137 399 243 468 sitiam
256 379 391 480 “braetot
414 416 618 494 spreverunt:
665 399 722 474 11.
739 397 970 508 Etbumiliarit
992 396 1133 476 molestie
1156 433 1212 478 eor
1232 413 1275 502 ip-
1307 447 1312 458 ¹
1385 459 1396 482 .

135 529 261 574 sorum:
294 505 397 576 anau
420 520 512 594 sunt,
536 520 568 577 et
595 529 691 584 nemo
721 512 851 581 adiutor.
903 511 956 581 13.
984 511 1208 584 Clamsverunt
1235 519 1274 585 ad
1383 503 1387 510 ’

135 611 288 682 iebouarn
321 614 354 680 in
377 613 518 705 angustia
542 637 615 686 saa:
660 641 704 686 ex·
724 611 976 688 tribulationibus
998 645 1109 689 eornm
1132 619 1288 694 liberavit

134 741 203 788 eos.
250 716 303 789 14.
327 717 451 811 Eripuit
477 711 535 790 eos
557 745 599 792 ex
620 713 772 809 senibus,
805 735 839 794 et
858 726 970 793 umbra
991 729 1120 811 nortis,
1153 730 1276 796 etvin-

134 817 206 895 outa
228 849 341 896 comm
364 825 504 920 disrupit.
523 829 592 895 ·i5.
616 825 913 899 Celebrent'eoram
934 831 1054 900 lebora
1076 833 1274 902 elementiam

131 935 215 1018 eius,
237 943 269 1001 et
294 933 445 1000 mirabilia
473 933 541 1004 eius
569 958 675 1002 coram
702 935 773 1002 filiis
800 935 981 1006 hominurn:
1026 939 1077 1012 16.
1100 941 1181 1028 Quia
1204 963 1275 1010 con

131 1039 219 1106 trivit
240 1049 348 1130 portas
369 1061 498 1123 aeneas,
525 1051 558 1108 et
580 1052 685 1110 vectes
708 1041 827 1110 terreos
849 1045 1009 1137 confregit

214 1231 263 1300 10'.
282 1231 457 1298 tinctiones
467 1245 497 1299 irs
507 1238 636 1300 tenebris.
658 1226 792 1301 Alteram*
801 1240 946 1327 patieutis
969 1225 1271 1306 ectemcomruem'orat

130 1315 288 1398 Propheta,
303 1319 332 1376 in
347 1317 493 1398 qrraDeus
510 1321 739 1380 virtutem‘suam
761 1320 789 1380 et
831 1319 929 1380 retiam
945 1265 1270 1383 iiberanrlisbominibus
1388 1357 1391 1367 λ

81 1465 85 1470 ,
124 1398 229 1480 palam
240 1399 353 1458 exserit
373 1393 467 1462 Vocat
485 1399 619 1476 mundus,
641 1405 672 1459 ut
693 1399 770 1476 dixis
781 1401 948 1480 agitationes
968 1403 1036 1461 istas
1056 1403 1156 1462 ludum
1168 1401 1269 1462 Fortu·

16 1515 28 1532 .
131 1495 201 1536 nae:
232 1483 262 1536 et
280 1475 339 1538 Dei
366 1476 559 1559 providentiae
579 1475 634 1538 iix
661 1471 832 1539 centesimus
859 1482 979 1562 quisque
1006 1482 1101 1541 locum
1126 1483 1269 1562 relinquit.

132 1555 193 1616 Sed
213 1555 296 1616 aliam
318 1555 498 1638 prudentiam·
516 1573 536 1617 a
553 1557 640 1618 notis
654 1561 742 1646 exigit
761 1555 915 1640 Propheta,
936 1561 1016 1619 utin
1037 1559 1167 1623 omuibus
1186 1562 1270 1621 rebus

132 1637 261 1734 adversis
281 1643 446 1718 reputemus
461 1623 517 1696 Diti
537 1637 789 1736 intitulatam
810 1642 903 1699 autern
925 1641 1004 1734 exitu
1024 1640 1191 1716 bonitatem,
1221 1661 1269 1701 ne·

132 1737 191 1856 tlt
205 1737 285 1856 {tt
297 1715 439 1856 stitit?
459 1717 718 1858 'illiniti
733 1717 1269 1882 tttltttltiffltu'gtititltt
1343 1767 1350 1796 ⁸

13 1941 14 1944 Ἴ
132 1875 191 1938 Dei
214 1875 324 1957 flagella
344 1897 418 1936 esse:
444 1875 568 1958 ideoque¹
586 1897 645 1938 non
665 1877 731 1938 alibi
750 1895 837 1974 quam
856 1881 886 1938 in'
907 1879 967 1938 eius
988 1881 1076 1962 gratia
1096 1895 1158 1939 esse
1179 1897 1270 1940 rems·

133 1957 222 2016 dium.
262 1947 295 2016 Si
315 1961 379 2038 quis
399 1975 416 2016 a
435 1953 592 2018 latronibus
612 1957 658 2017 vet
678 1961 777 2040 piratrs
791 1965 897 2044 captus
917 1962 974 2019 uon
997 1959 1141 2040 externplo
1161 1960 1268 2040 iugule-

133 2045 197 2112 tur,
227 2043 339 2097 tautum
364 2038 439 2096 visit
459 2037 488 2096 iu
515 2037 625 2116 singula
650 2045 809 2110 momenta,
839 2039 1003 2118 etquidem
1029 2039 1089 2098 sine
1109 2058 1159 2120 spe
1180 2041 1268 2099 ritae:

134 2117 231 2196 itaque
254 2119 314 2176 eius
340 2107 468 2176 liberatio
494 2115 698 2176 documentum
724 2123 768 2177 est
793 2117 899 2200 gratiae
919 2115 988 2188 Dei,
1015 2135 1088 2200 quae
1107 2137 1143 2177 eo
1164 2119 1268 2180 clarius

18 2244 21 2261 .
134 2196 264 2276 effulget,
284 2217 342 2277 quo
364 2197 511 2277 pauciores
531 2197 670 2256 eradunt:
690 2202 802 2257 tantum
823 2197 903 2255 abest
923 2203 956 2256 ut
976 2199 1036 2257 elus
1056 2198 1155 2258 laudes
1175 2199 1268 2258 extin-

132 2295 220 2360 guere
239 2275 358 2344 (iubeam
379 2275 461 2336 multi
483 2277 622 2336 interitus.
654 2273 752 2354 Quare
772 2295 822 2335 eos
842 2295 942 2336 omnes
961 2277 1168 2357 ingratitudinis
1189 2275 1267 2339 dam·

133 2363 184 2417 nat
210 2353 364 2436 Propheta,
395 2359 444 2436 qui
470 2363 529 2414 tam
556 2353 720 2416 mirabiliter
745 2356 851 2436 erepti,
882 2358 968 2436 paulo
989 2364 1055 2438 post
1074 2357 1195 2417 salutem
1215 2357 1268 2418 sibi

132 2423 295 2531 praestitam
316 2435 459 2496 oblivione
478 2435 622 2496 inducunt.
649 2431 688 2494 Et
708 2455 765 2516 quo
786 2453 886 2499 eorum
907 2438 1014 2496 crimen
1034 2436 1134 2496 melius
1155 2443 1266 2518 arguat,
1303 2475 1306 2480 -

131 2524 235 2578 :terum
256 2523 355 2576 eontra
375 2517 452 2598 ipsos
472 2517 610 2575 clamores
630 2533 730 2576 eorum
752 2523 838 2576 testes
857 2517 934 2576 citat.
955 2513 1027 2575 Nam
1049 2535 1137 2596 quum
1158 2517 1187 2574 in
1208 2519 1267 2576 suis

131 2597 269 2676 angustiis
298 2597 358 2656 sine
391 2594 506 2656 statione
535 2595 655 2676 professi
681 2597 740 2654 siut
759 2593 856 2655 Deum
880 2615 942 2656 esse
967 2615 1052 2654 suum
1072 2595 1264 2656 liberatorem:

130 2677 181 2760 qui
201 2673 235 2734 lit
255 2681 287 2735 ut
306 2677 337 2735 in
356 2677 416 2736 otio
436 2683 465 2735 et
485 2689 554 2756 paee
575 2675 672 2739 notitia
692 2673 763 2736 haec
782 2677 949 2736 evanescat?
1271 2683 1275 2688 '

213 2759 261 2819 11.
285 2762 365 2830 Quin
383 2757 506 2816 rebelles.
547 2751 671 2814 Causam
691 2755 816 2814 notando
836 2753 939 2815 laisum
959 2753 1039 2816 illurn
1059 2773 1183 2814 errorem
1204 2775 1265 2814 eor·

129 2834 197 2916 rigit
222 2835 300 2916 quod
320 2835 437 2908 fortuito
452 2847 502 2894 'ros
522 2833 656 2894 adversae
677 2839 851 2919 contingant.
882 2833 955 2895 Num
975 2836 1000 2894 si
1019 2841 1187 2916 reputantur
1205 2833 1262 2896 Dei

129 2914 242 2988 iudicia,
262 2917 338 2974 casui
359 2923 389 2975 ct
407 2915 537 2976 fortunae
556 2933 615 2974 non
634 2915 803 2994 relinquitur
822 2913 985 2976 locustam
1006 2915 1176 2976 veiodouec
1194 2929 1257 2996 per-

129 2996 206 3056 suasi
232 2995 290 3056 siut
312 2994 441 3076 bomjues
466 3010 615 3055 aerumnas
641 2991 776 3055 divinitus
794 2996 897 3078 infligi,
922 3010 1070 3076 nunquam
1089 2995 1264 3054 inanimum

128 3073 405 3138 nonasterium
426 3074 461 3136 ab
481 3094 516 3136 eo
537 3081 641 3156 petere.
681 3074 773 3134 Porro
793 3094 895 3136 causac
914 3079 1024 3136 nuntio
1045 3074 1103 3140 buu
1121 3094 1180 3134 non
1201 3093 1265 3155 spe-

21 3192 34 3208 .
129 3159 197 3230 ctat,
220 3155 301 3234 quasi
321 3156 414 3236 palam
434 3157 463 3216 in
484 3155 546 3212 toro
568 3153 692 3213 humano
713 3154 841 3213 scelerati
860 3153 1018 3214 habeantur
1038 3153 1191 3234 dequibus
1207 3155 1265 3234 agit

128 3228 288 3314 Propheta:
309 3233 358 3294 sest
379 3235 422 3294 bis
443 3233 536 3294 verbis
556 3232 687 3292 bortatur
705 3231 824 3292 amictos
845 3231 885 3292 ad¹
900 3251 1021 3292 examen
1038 3235 1116 3293 sitae
1136 3233 1273 3294 suarna-r
1368 3234 1372 3242 '

128 3313 268 3374 bendum:
289 3321 319 3374 et
334 3315 465 3396 quamvis
485 3333 569 3373 nemo
590 3331 639 3372 eos
659 3321 782 3388 accuset,
802 3320 835 3372 ut
853 3319 949 3372 tamen
969 3313 1000 3372 in
1017 3327 1050 3372 ¹se
1060 3313 1139 3392 ipsos
1147 3313 1263 3373 descen·

130 3395 213 3470 dant,
244 3393 291 3454 ubi
316 3413 429 3476 semper
452 3395 593 3474 reperiant
617 3392 757 3452 maiorum
782 3404 906 3452 causam.
945 3389 1006 3451 Nec
1030 3391 1195 3472 simpliciter
1214 3411 1264 3452 eos

128 3493 262 3557 peccasse
292 3475 373 3544 dicit,
403 3473 452 3534 sed
483 3471 601 3534 rebelles
625 3473 712 3532 luisse
732 3473 818 3532 verbo
840 3467 910 3546 Dei,
939 3491 998 3551 qrro
1018 3470 1156 3550 significat
1176 3491 1264 3530 unam

129 3574 192 3616 esse
219 3553 290 3616 bene
314 3553 427 3615 vivendi
454 3554 595 3638 reguiam,
625 3553 707 3634 sequi
731 3552 810 3632 quod
829 3549 910 3611 Deus
930 3553 1074 3632 praecipit.
1115 3547 1175 3628 Qui
1195 3567 1263 3630 ergo

128 3635 170 3694 sic
194 3635 317 3694 convicti
342 3641 490 3708 tenentur,
515 3635 541 3692 si
565 3633 620 3692 iltis
645 3633 797 3692 clamorem
818 3631 854 3690 ad
874 3627 969 3690 Deum
990 3638 1143 3710 extorquet
1164 3630 1263 3689 ultima

128 3706 289 3790 necessitas,
308 3715 392 3774 niueis
412 3713 517 3792 stupidi
539 3720 613 3786 suut,
633 3714 688 3772 uisi
707 3717 862 3792 agnoscant
881 3711 1055 3792 inopinatam
1067 3711 1263 3770 liberationem

128 3797 145 3854 a
165 3787 230 3854 Deo
250 3813 321 3853 esse.
361 3789 435 3852 Nam
456 3794 531 3852 ostia¹
547 3791 684 3872 chalyben
704 3800 734 3852 et
753 3799 849 3851 vectes
868 3789 975 3850 ferreos
995 3791 1123 3850 nominat
1143 3787 1264 3870 ampliti-

128 3873 209 4012 pancli
234 3871 365 3934 beneficii
390 3891 489 3934 causa:
519 3873 577 3932 acsi
598 3873 717 3960 diceret,
746 3871 861 3934 vincula
879 3877 1034 3954 perpetuae
1054 3867 1199 3931 servitutis
1218 3887 1263 3927 so·

141 3957 189 4013 uta
213 3973 285 4016 asse·
1053 3972 1058 3980 “

217 4171 270 4240 17.
294 4169 389 4240 Stulti
416 4164 547 4262 propter'
571 4173 656 4238 riam
683 4170 939 4272 transgressionis
961 4191 1052 4252 snae,
1080 4177 1113 4236 ot
1128 4176 1263 4258 propter

127 4275 308 4368 iniquitates
342 4299 417 4366 aurs
450 4276 638 4346 cruciamur:
684 4279 737 4348 18.
766 4278 905 4348 Omnem
933 4297 1037 4344 escam
1065 4271 1263 4341 abominatur

127 4385 230 4452 amma
253 4407 381 4466 eorum,
410 4395 442 4452 et
464 4383 717 4476 appropinquant
739 4384 778 4452 ad
801 4391 906 4477 portas
929 4374 1049 4450 mortis.
1094 4379 1146 4451 19.
1168 4377 1198 4446 '1'
1200 4399 1263 4446 uuo
1328 4449 1332 4457 6
