2890 4886
208 291 262 348 193
634 287 950 354 coturnus

208 414 306 476 fideles
331 413 497 474 orentnuu
516 417 626 472 unicum
647 411 731 482 serio,
756 411 806 471 sed
831 411 916 470 etlam
937 401 1077 482 urdelrter,
1096 427 1151 470 uec
1169 417 1267 470 tamen
1287 409 1347 470 ulte

209 515 269 553 vox
288 491 325 552 ob
345 513 395 552 ore
414 499 511 552 exeat:
531 511 589 551 nou
609 496 705 552 tamen
726 490 844 551 dubium
862 498 907 552 est
926 490 996 572 quin
1015 509 1067 570 per
1086 489 1241 551 clamorem
1261 489 1347 550 iutel-

209 573 278 656 ligat
298 571 442 652 Propheta
463 571 679 644 vehementiam,
699 571 735 629 ad
755 589 841 650 quam
861 589 1011 650 erumpere
1031 569 1107 649 cogit
1127 569 1219 630 dolor.

289 657 317 715 3.
344 654 392 713 Ne
416 653 588 712 abscondas.
630 647 719 726 Quod
746 655 855 731 rogant
881 669 918 710 ue
946 649 1048 730 facicm
1077 666 1159 708 suam
1188 648 1347 722 abscondet

208 732 299 806 Deus,
328 752 387 792 uon
414 719 457 791 est
482 749 699 811 supervacuum.
747 727 818 788 Num
844 749 933 810 quum
958 731 1014 788 iam
1041 748 1092 808 per
1115 749 1206 789 anuos
1231 737 1345 810 septua-

228 815 286 871 'nta
305 811 365 871 lere
384 809 575 871 contabuisse!
596 811 624 869 in
645 810 732 869 exilio
751 809 885 890 populus,
903 827 1020 870 aversus
1041 813 1155 889 potem
1178 809 1268 869 rideri
1291 807 1347 868 itoi
1424 831 1425 836 ¹

208 833 315 952 lairen·
341 890 399 951 Sed
424 893 452 949 in
478 897 607 950 extrema
623 889 784 950 afflictione
807 887 939 948 iubentur
958 895 1052 948 tauaeu
1073 890 1107 948 ad
1129 889 1226 969 preces
1245 889 1347 950 coutu-

209 989 275 1051 gere
294 977 430 1048 tauquam
451 971 486 1028 ad
507 971 623 1030 unicum
643 971 809 1029 remedium.
831 968 938 1028 Dicunt
956 969 1032 1028 enim
1051 987 1084 1028 ee
1104 969 1227 1030 clamare
1245 977 1280 1029 in
1300 971 1349 1028 die
1424 1045 1425 1048 Ἴ

209 1053 405 1133 afflictionis,
423 1067 481 1108 uun
502 1055 535 1108 ut
558 1050 651 1108 solent
672 1049 924 1128 hypocritae,'qui
949 1047 1096 1118 inemeudo
1121 1048 1347 1108 tumultuantur:
1424 1049 1425 1054 ’

209 1131 259 1190 sed
280 1131 345 1226 qula
366 1147 397 1190 ee
417 1147 433 1188 a
455 1127 518 1188 Deo
539 1135 608 1188 tune
631 1131 728 1188 socan
748 1129 885 1189 'sentiunt
926 1131 1058 1200 Festino,
1078 1129 1227 1208 responde.
1269 1126 1349 1206 Quia

209 1210 245 1269 dc
269 1209 314 1266 bas
340 1208 558 1288 loquutiouibus
582 1208 647 1268 nihi
675 1209 763 1268 lunius
788 1209 843 1268 luit
862 1207 985 1282 dicium,
1009 1227 1085 1278 nuuc
1105 1205 1231 1268 breviter
1247 1213 1349 1268 tenne

82 1341 84 1349 ,
209 1288 341 1362 sufficiat,
363 1285 457 1347 Deum
477 1287 525 1347 ubi
545 1289 685 1368 permittit
704 1287 785 1347 bobis
804 1289 982 1347 infirmitates
1001 1287 1130 1366 proprius
1154 1289 1216 1347 siue
1235 1287 1350 1424 pudore

208 1387 304 1430 corum
325 1383 356 1428 se
376 1368 516 1448 detegere,
536 1373 567 1427 et
583 1367 707 1447 ineptias
726 1373 836 1427 nostras
856 1369 984 1440 susiiuei,
1005 1367 1156 1446 plusquam
1166 1366 1234 1426 indu
1246 1374 1350 1447 genter
1415 1429 1425 1438 U

212 1447 362 1508 nobiscum
388 1465 479 1526 agere.
520 1445 607 1507 Certe
632 1465 729 1506 curam
754 1453 800 1506 co·
854 1445 957 1506 erutuet
985 1454 1021 1506 ut
1043 1447 1126 1527 pueri
1151 1446 1254 1520 solem,
1284 1449 1349 1508 eius

208 1523 356 1588 maiestate
375 1529 492 1586 minime
511 1519 628 1608 dignum
647 1535 730 1602 esset,
750 1528 805 1586 uisi
845 1545 898 1665 unp
917 1528 1059 1586 ticeouun
1073 1526 1149 1586 ultro
1168 1526 1349 1588 concederet.

210 1603 344 1671 Libenter
369 1614 436 1667 utor
456 1605 511 1667 lroc
530 1607 654 1672 nomine,
680 1613 712 1664 ut
737 1607 829 1666 sciant
845 1607 875 1665 in
887 1615 888 1618 ’
900 1607 952 1666 cmi
968 1607 1022 1686 'qui
1041 1605 1078 1666 ud
1096 1605 1192 1666 Deum
1213 1606 1350 1666 accedere

208 1687 360 1768 trepidant,
378 1694 439 1747 tam
459 1686 578 1747 comiter
597 1687 893 1766 scientissimeque
912 1703 930 1746 u
951 1685 1087 1746 iamdiur'r
1099 1703 1214 1754 aecana
1233 1705 1284 1746 cos
1303 1705 1347 1746 aaa

207 1765 308 1828 tardet.

300 1959 330 2036 4.
355 1965 436 2052 Quia
460 1967 640 2058 consumpti
663 1978 738 2034 sunt
758 1977 795 2034 ut
817 1966 922 2036 tumus
945 1967 1011 2034 dies
1034 1965 1107 2049 mei,
1129 1976 1160 2036 et
1183 1989 1254 2036 ossa
1277 1991 1350 2035 mea

210 2075 301 2168 quasi
324 2073 415 2142 lours
437 2085 533 2142 exuta
555 2083 639 2143 suni.
685 2073 715 2138 5.
738 2072 928 2158 Percussum
949 2083 1000 2141 est
1021 2083 1172 2163 tanquam
1197 2071 1294 2141 herba
1318 2085 1352 2142 et
1424 2099 1425 2110 ¹

40 2257 48 2278 ι
131 2193 133 2196 ’
210 2185 292 2250 aruit
320 2187 374 2248 cor
404 2203 526 2258 meum,
554 2179 626 2270 quia
656 2179 771 2245 oblitus
799 2203 870 2246 sum
899 2178 1064 2276 comedere
1091 2198 1206 2273 panem
1228 2201 1362 2263 meum,

153 2317 155 2321 ⁴
208 2288 240 2357 6.
268 2287 298 2354 A
331 2309 410 2359 voce
443 2286 579 2378 gemitus
611 2287 674 2354 mei
706 2283 915 2369 adhaeserunt
945 2307 1018 2353 ossa
1041 2309 1111 2354 urea
1134 2285 1218 2354 cami
1245 2308 1349 2378 ureae.

211 2395 242 2461 7.
265 2393 386 2461 Similis
413 2393 513 2461 lactus
541 2416 613 2460 sum
641 2391 784 2482 pelicano
807 2391 930 2474 deserti,
956 2391 1004 2458 ini
1025 2391 1114 2480 quasi
1136 2391 1222 2458 bubo
1244 2391 1351 2462 solitar·
1424 2397 1425 2424 ¹

210 2501 329 2582 diuum.
358 2501 388 2566 8.
402 2497 543 2590 Vigilavi,
566 2509 598 2566 et
620 2498 665 2564 fui
683 2499 772 2590 quasi
796 2521 902 2592 passer
923 2496 1080 2565 solitarius
1101 2507 1348 2588 supertectum.
1424 2569 1425 2600 1

291 2646 319 2708 4.
342 2649 422 2719 noia
441 2651 608 2724 conmmptt
626 2653 705 2704 anm.
745 2642 821 2702 Sunt
846 2642 961 2723 quidem
980 2641 1180 2724 hyperbolicae
1204 2642 1349 2722 loquutio-
1424 2701 1425 2712 ,

210 2743 271 2798 aes,
291 2724 341 2784 sed
361 2741 435 2804 quae
454 2729 549 2783 tamen
571 2741 638 2782 vere
657 2723 823 2802 exprimunt
838 2741 924 2804 quam
939 2723 1063 2804 graviter
1082 2722 1264 2802 mosanimos
1283 2741 1349 2783 aau-

210 2807 285 2865 ciare
302 2803 407 2863 debent
425 2800 571 2878 Ecclesiae
591 2799 738 2862 desolatio.
779 2799 817 2861 Ar
858 2823 875 2862 e
900 2804 929 2862 iu
956 2801 1010 2861 hac
1029 2809 1109 2882 purte
1128 2805 1252 2883 scipsum
1272 2805 1349 2882 quis·

210 2901 268 2965 quc
288 2883 437 2962 diligenter
456 2885 608 2941 examinet.
649 2879 710 2941 Nisi
734 2882 808 2940 enim
854 2881 983 2942 eclesiam
1003 2879 1268 2964 pmeleriuaucaliis
1288 2901 1349 2942 om-

211 2963 294 3022 nibus
320 2963 413 3034 curis,
436 2961 544 3042 indigni
568 2978 667 3020 sumus
692 2962 740 3041 qui
766 2979 932 3022 censeamur
954 2961 1027 3020 iuter
1049 2963 1116 3020 eius·
1132 2961 1289 3020 membres
1310 2960 1351 3026 Et

210 3043 322 3124 quoties
350 3033 505 3101 occurrunt
529 3043 599 3100 istac
624 3041 759 3121 loquendi
785 3043 908 3106 lemae.
932 3042 1055 3100 sciamus
1078 3039 1161 3102 nobis
1176 3040 1349 3122 exprobrent
1424 3037 1425 3066 ³

209 3129 337 3183 nostram
357 3123 365 3181 i
388 3123 510 3195 naviam,
531 3123 597 3201 quia
617 3119 760 3182 Ecclesiae
779 3122 968 3181 incommodis
988 3123 1082 3180 minue
1100 3120 1242 3180 efficimur
1259 3141 1350 3200 quam

210 3199 336 3262 decebat.
367 3143 438 3261 lues
459 3217 526 3260 suos
535 3203 630 3297 formo
650 3209 809 3282 comparet:
831 3219 894 3260 essa
910 3208 1015 3273 autem,
1036 3201 1092 3260 ioci
1105 3186 1253 3280 lapidibus,
1316 3221 1349 3260 os

210 3283 348 3362 temporis
373 3301 507 3341 successu
536 3282 609 3360 rgnis
634 3281 749 3341 tandem
774 3281 905 3341 absumit.
950 3278 1007 3339 Per
1030 3301 1099 3341 osen
1121 3296 1191 3339 vero
1212 3281 1307 3340 intel'
1327 3282 1377 3344 it„
1424 3333 1425 3342 ,

211 3361 348 3441 quicquid
374 3367 418 3420 est
443 3361 554 3420 roboris
580 3363 609 3420 lu
629 3361 754 3421 homine.
795 3361 832 3420 Et
851 3368 928 3420 certe
952 3361 1006 3419 uisi
1025 3367 1269 3434 seusucurnaeut,
1286 3359 1350 3422 lieri

210 3459 269 3500 uon
290 3443 383 3520 potuit
403 3443 472 3520 quin
493 3438 563 3500 illud
583 3439 665 3500 triste
675 3443 869 3522 spectaculum
889 3441 947 3500 irae
958 3439 1013 3500 Dei
1028 3442 1147 3500 siccam
1164 3441 1265 3500 eorbm
1275 3459 1350 3514 ossa,

208 3527 361 3598 totumque
381 3521 509 3599 vigorem
529 3520 697 3580 absumeret.
1424 3527 1425 3534 ’

289 3602 317 3661 5.
338 3601 518 3660 Permissum
537 3609 589 3660 eci.
613 3597 758 3682 'Sequitur
767 3600 849 3660 tertia
863 3599 1028 3672 similitudo,
1045 3599 1097 3660 nbi
1107 3600 1176 3660 dicit
1195 3603 1246 3658 cbr
1264 3617 1350 3662 mum
1406 3635 1408 3640 ,

209 3680 300 3739 luetur
327 3677 432 3738 herbae
457 3698 608 3762 percussae
633 3698 696 3740 esse
721 3679 903 3751 emarcidum,
928 3697 1099 3760 ac‘pmrsns
1118 3679 1238 3740 addunt.
1277 3677 1349 3738 Plus
1424 3699 1425 3716 ¹

209 3765 315 3820 antem·
348 3757 462 3818 uiddam
477 3761 637 3840 exprimere
651 3759 907 3839 voluitPropbeia,
928 3777 1013 3838 quum
1034 3763 1058 3818 si
1077 3759 1194 3820 dixisset
1203 3777 1254 3818 cor
1263 3777 1349 3818 uuum

207 3857 271 3900 esse
290 3778 455 3912 orclanum,
475 3847 505 3898 ct
521 3858 585 3899 ossa
595 3839 631 3898 ad
647 3841 802 3899 siccitatem
814 3837 941 3898 redacta:
961 3857 1063 3920 nempe
1072 3837 1247 3899 sicuthnrba
1257 3857 1348 3919 quum

209 3925 332 3991 secatur,
352 3937 409 3976 non
430 3918 551 3997 amplius
571 3925 668 4000 potest
687 3925 778 3978 terrae
799 3936 914 3977 succum
926 3917 1049 3992 haurire,
1068 3939 1122 3979 nec
1131 3919 1252 3978 retinere
1261 3937 1350 3998 quem

207 4017 225 4057 a
244 3997 343 4058 radico
362 3999 491 4078 vigorem
510 3996 650 4070 trahebat,
669 3999 711 4059 sic
730 3997 862 4078 intelligit
881 4017 932 4056 cor
951 4018 1037 4058 suum
1056 3999 1138 4079 quusi
1148 3997 1280 4058 evulsum
1300 3998 1348 4058 vel

207 4083 358 4152 mentum,
377 4075 553 4138 naturalibus
572 4077 705 4138 lomentis
725 4077 848 4137 destitui.
872 4079 986 4154 Oblitae
1010 4094 1078 4151 cont
1096 4079 1251 4138 comedere,
1283 4076 1347 4138 Hoc

207 4164 261 4228 est,
281 4163 378 4233 tantm
398 4155 453 4216 luit
472 4176 597 4230 moeror,
622 4163 655 4216 ut
675 4157 850 4250 neglexerim
876 4159 1050 4220 ordinarium
1075 4158 1187 4227 cibum,
1215 4157 1349 4218 ¹1⁸]th

208 4235 325 4316 quidem
344 4239 374 4296 in
396 4237 482 4297 exilio
503 4237 617 4298 lideles:
637 4243 667 4297 et
687 4235 742 4296 hoc
760 4239 985 4318 fnissetuimptan
1004 4238 1207 4320 desperationis
1227 4239 1349 4318 siguum,

165 4305 197 4350 Ἀ
207 4315 300 4375 inedia
326 4333 357 4376 ee
384 4317 538 4377 conficeres
564 4317 614 4376 sed
639 4313 769 4397 inlelligit
792 4335 824 4376 se
848 4337 979 4378 moerore
1004 4319 1188 4378 constrictum
1207 4320 1349 4396 respuisse
1424 4355 1425 4364 κ

208 4395 307 4455 omnia
323 4393 546 4472 oblectamenta,
566 4403 598 4458 ut
618 4396 704 4458 ctiam
724 4396 789 4458 cibo
807 4403 836 4456 et
856 4404 927 4478 potu
947 4417 979 4458 se
997 4399 1148 4460 maderet.
1175 4393 1349 4478 Quanquam

967 4594 977 4634 Ι
