2890 4886
138 275 230 336 Ι260
463 303 471 310 .
598 220 907 312 reaumausx

171 393 265 474 ,tibus
294 391 334 459 ad
356 338 577 474 celebrandum
604 385 724 455 uonien
752 383 922 462 suauitatis
948 393 1030 474 tuse,
1059 383 1099 450 sd
1120 357 1329 474 gloriandum

179 499 338 568 iu‘leude·
351 507 416 563 tua.
460 488 514 562 48.
537 491 727 562 Benedictus
748 491 864 560 lebova
887 491 976 557 Deus
998 487 1093 556 lsra'el
1116 513 1133 555 a
1155 487 1276 556 seculo'
1290 499 1328 557 et

179 606 212 672 in
234 595 390 674 seudum:
414 611 446 669 et
467 599 548 668 dieat
569 599 673 668 omnis
695 596 833 690 populus
854 593 969 664 Amen.
1009 593 1222 702 Hnlleluls.¹

260 747 308 810 47.
335 751 426 807 Seruo
451 765 513 803 nos.
554 741 682 824 Apparet
711 763 749 802 cx
777 739 832 801 bac
855 738 982 800 clausula
1012 740 1203 820 compositum
1228 738 1323 798 tuisse

148 867 151 878 ι
180 827 326 890 Psalmum
347 824 520 900 submisere
540 831 568 882 ct
588 825 660 882 tristi
680 821 779 902 populi
800 820 980 902 dispersione.
1015 816 1052 876 Et
1072 838 1235 899 quanquam
1255 839 1322 898 norp

182 907 344 970 exstiterint
363 909 428 984 post
439 901 585 982 Aggacum
606 907 635 962 et
650 901 817 962 Malachiam
837 902 959 980 insigues
974 895 1031 957 Pro
1054 895 1136 958 betae
1156 901 1185 958 in
1205 897 1320 978 populo
1430 921 1431 926 ¹

183 989 242 1060 illo,
267 981 412 1079 probabile
432 989 476 1040 est
496 981 606 1060 aliquos
631 999 669 1040 ex
694 979 885 1040 sacerdotibus
904 975 1013 1058 Spiritu
1032 918 1204 1056 l'rophetico
1230 977 1321 1036 luisse

183 1063 336 1148 praeditos,
357 1062 406 1142 qui
427 1059 526 1120 saltem
547 1061 717 1142 necessarios
732 1059 937 1118 consolationes
949 1055 1056 1136 populo
1077 1056 1224 1116 dictarent.
1253 1053 1320 1136 Ego

130 1191 136 1208 .
183 1153 260 1206 certo
279 1142 423 1214 existimo,
444 1147 595 1221 postquam
616 1139 767 1218 tyrannide
776 1135 911 1198 Antiochi
931 1135 1082 1216 dissipatus
1102 1135 1194 1195 suerat
1212 1137 1322 1196 iterum

183 1222 315 1306 populus,
335 1220 475 1302 praesenti
495 1220 653 1280 necessitati
673 1224 797 1298 aptatam
813 1217 899 1276 luisse
909 1214 1042 1296 precandi
1062 1215 1193 1290 formam,
1212 1217 1242 1273 iu
1254 1231 1316 1294 qua

183 1301 317 1386 populus,
337 1305 448 1358 veteres
468 1295 598 1357 historias
618 1296 782 1378 repetendo,
801 1301 966 1377 agnosceret
976 1295 1128 1354 innumeris
1139 1295 1230 1358 modis
1251 1315 1320 1376 pro·

184 1387 316 1446 roeamm
335 1377 421 1437 fuisse
442 1396 458 1436 a
479 1375 606 1458 patribus
631 1380 701 1438 iram
719 1363 787 1450 Dei,
810 1395 848 1434 ex
868 1395 927 1454 quo
947 1393 996 1434 eos
1016 1374 1180 1433 redemerat.
1221 1371 1319 1454 Opor-
1430 1381 1431 1386 ’

183 1463 239 1520 tuit
264 1460 339 1518 enim
355 1475 432 1520 ,rere
455 1455 597 1516 humiliari
620 1455 774 1537 populum,
798 1475 836 1516 ne
857 1453 912 1515 Dei
935 1454 1111 1532 castigationi
1130 1452 1320 1534 obstreperet.

144 1571 150 1580 ·
185 1539 285 1618 Quum
305 1555 374 1596 vero
393 1534 515 1616 indiguis
536 1539 706 1616 pepercisset
725 1533 820 1610 Deus,
845 1553 910 1615 spes
930 1535 1030 1592 reniae
1049 1533 1078 1592 in
1097 1533 1225 1593 futurum
1247 1539 1318 1591 tem·

185 1637 240 1700 pus
260 1615 388 1689 dabatur,
409 1613 432 1674 si
453 1635 489 1673 ex
509 1617 604 1674 auimo
625 1613 769 1674 studerent
788 1633 854 1674 eum
870 1611 922 1674 sibi
937 1611 1130 1672 reconciliare:
1151 1612 1317 1692 praesertim

186 1693 325 1778 quintrio
350 1693 508 1754 celebratur
531 1696 667 1754 memoria
695 1693 832 1767 foederis,
861 1693 941 1752 euius
966 1691 1068 1766 fiducia
1092 1690 1194 1750 licebat
1219 1688 1320 1750 Deum

186 1773 318 1861 quamvis
339 1773 479 1832 offensum
497 1773 640 1838 invocare.
679 1769 756 1850 Quia
780 1779 876 1832 autem
897 1769 977 1830 Deus
1002 1789 1051 1829 eos
1077 1771 1198 1854 elegerat
1216 1771 1246 1828 in
1266 1790 1318 1850 po·
1430 1815 1431 1854 .

186 1854 289 1936 pulum
310 1853 491 1933 peculiarem,
510 1859 612 1932 petunt
636 1858 669 1911 ut
687 1852 780 1912 lacera
805 1848 931 1910 membra
950 1851 1080 1910 restituat
1098 1852 1129 1910 iu
1149 1868 1238 1909 unum
1257 1867 1320 1906 cor·

80 1981 83 1990 ,
186 1953 254 2016 pus,
278 1927 434 1990 secundum
457 1933 622 1992 vaticinium
642 1929 744 2006 iliosis,
767 1927 854 1997 Dent.
879 1931 929 2003 30,
953 1930 982 1990 4.
1021 1925 1053 1988 si
1080 1929 1212 1988 disiectus
1231 1927 1321 1988 tueris

84 2005 89 2034 l
188 2013 224 2071 ad
245 2017 369 2090 quatuor
387 2009 487 2070 muudi
505 2010 613 2148 plagas,
631 2009 697 2070 inde
715 2029 770 2091 ego
789 2015 819 2070 te
837 2009 978 2090 colligam.
1008 2006 1096 2087 Quod
1115 2013 1185 2068 tunc
1204 2005 1321 2066 demum
1430 2061 1431 2072 ,

187 2089 338 2172 impletum
358 2090 425 2167 tuit,
443 2089 492 2148 ubi
511 2110 560 2150 mu
572 2089 665 2151 titudo
684 2089 741 2150 buc
761 2096 789 2151 et
808 2089 878 2150 illuc
897 2090 1030 2170 dispersa,
1050 2089 1079 2146 in
1097 2085 1163 2147 tidei
1183 2089 1321 2146 unitatem

189 2161 304 2231 coaluit.
343 2165 406 2228 Etsi
425 2169 501 2228 enim
519 2177 662 2228 terrenum
686 2189 817 2250 reguum,
840 2175 869 2228 et
888 2167 1014 2249 politiam
1034 2185 1180 2248 nunqnam
1201 2171 1318 2246 recupc-
1430 2173 1431 2218 t

189 2251 265 2310 ravit
305 2250 409 2344 opulus
431 2248 496 2343 ille,
522 2247 633 2308 delictor
653 2254 748 2308 tamen
774 2249 828 2308 luit
847 2247 918 2307 baec
942 2247 1081 2315 collectio,
1107 2245 1184 2326 quod
1208 2247 1238 2304 in
1258 2265 1319 2304 cor·
1430 2283 1431 2318 ,

189 2348 264 2413 pus¹
291 2327 372 2388 busti
391 2326 475 2402 insuti,
495 2325 656 2407 ubicunque
675 2333 799 2408 agerent,
818 2347 900 2388 sacro
920 2325 1100 2406 etppirituali
1118 2325 1185 2385 fidei
1205 2325 1320 2388 vinculo
1430 2333 1431 2346 ¹

190 2411 264 2468 iuter
288 2425 320 2468 se
347 2413 376 2467 et
394 2425 451 2467 una
471 2427 536 2467 cum
557 2407 695 2468 Gentibus
715 2408 840 2489 copulati
860 2411 934 2478 sunt,
957 2414 989 2466 ut
1007 2403 1164 2464 Ecclesiam
1184 2423 1269 2462 unam
1290 2403 1319 2463 in
1430 2449 1431 2464 .

190 2494 254 2546 toto
280 2485 348 2546 orbe
372 2487 503 2547 diffusam
526 2487 660 2546 facerent.
701 2485 797 2546 Finem
820 2485 1022 2566 redemptionis
1045 2485 1167 2560 addunt,
1190 2493 1224 2544 ot
1248 2483 1318 2544 ccle—
1430 2491 1431 2546 i

195 2567 276 2638 brein
295 2569 354 2626 Det
372 2588 487 2636 nomen,
506 2584 593 2646 seque
613 2572 765 2626 exerceant
782 2569 813 2625 in
831 2566 891 2626 eius
910 2563 1053 2625 laudibus.

271 2645 319 2706 48.
342 2646 527 2704 Benedictus.
566 2642 622 2704 Hic
645 2651 713 2704 vote
737 2645 836 2727 populi
861 2646 902 2704 sic
925 2649 1077 2724 temperat,
1101 2649 1134 2702 ut
1158 2643 1318 2702 intersum

212 2725 329 2797 emitus,
353 2723 510 2782 calamitosi
534 2725 648 2784 exsules
670 2744 729 2785 uon
755 2725 883 2784 desinant
905 2730 1001 2783 tamen
1020 2720 1085 2782 Deo
1105 2722 1208 2804 gratias
1227 2739 1318 2802 agere.

158 2869 161 2885 ‚
192 2745 278 2882 ilaue
298 2803 507 2862 circumstantia
532 2803 678 2882 diligenter
701 2803 826 2864 notanda
845 2809 901 2863 esta
926 2803 993 2882 quia
1016 2800 1066 2862 ubi
1080 2802 1176 2862 ‘rebus
1195 2799 1320 2861 adversis

194 2883 358 2964 premimur,
379 2882 428 2939 vix
449 2882 617 2941 centesimus
638 2884 758 2964 quisque
778 2882 886 2964 placide
906 2883 942 2942 ad
959 2879 1054 2941 Deum
1072 2879 1192 2941 accedit:
1212 2881 1262 2939 sed
1281 2878 1323 2938 la·

193 2962 310 3020 stidiose
329 2960 482 3042 precando,
506 2961 552 3020 vel
575 2961 749 3022 tumultuose
774 2960 986 3041 conquerendo,
1014 2960 1173 3041 superbiam
1196 2966 1323 3019 nostram

194 3038 367 3121 prodimus.
382 3039 471 3119 Atqui
490 3037 561 3100 htec
579 3059 636 3099 uua
655 3047 716 3101 erat
734 3041 870 3102 exorandi
889 3039 945 3101 Dei
964 3041 1046 3114 ratio,
1065 3047 1212 3100 mansueto
1222 3041 1322 3120 spiritu

195 3138 249 3178 nos
270 3117 485 3178 subterrenas
504 3117 611 3194 ferulis,
632 3139 746 3181 crucem
769 3121 850 3180 nobis
873 3121 1035 3200 impositam
1060 3119 1185 3179 serendo.
1223 3116 1322 3198 ltaque

195 3217 254 3257 non
274 3194 324 3255 abs
344 3217 375 3256 re
395 3195 538 3276 Propheta
558 3199 677 3259 afflictos
696 3201 811 3261 exsules
827 3196 969 3259 adDeum
988 3197 1208 3259 benedicendum
1227 3194 1320 3257 borta-

195 3285 252 3349 tur,
273 3277 403 3355 quamvis
423 3295 472 3336 eos
491 3279 616 3358 asperius
640 3281 770 3358 castiget:
831 3299 848 3338 o
868 3279 953 3338 etiam
972 3276 1063 3338 tendit
1087 3277 1158 3338 baec
1177 3277 1322 3357 particula,

195 3357 276 3416 ritem
291 3359 421 3436 populns
440 3359 545 3431 Amen,
569 3357 627 3417 acsi
651 3376 749 3418 omnes
772 3361 883 3418 iceret
906 3356 963 3417 Dei
986 3355 1116 3418 laudibus
1140 3355 1322 3430 subscribere,

195 3439 326 3517 quamvis
344 3435 458 3518 publice
476 3443 507 3496 et
525 3433 658 3518 privatim
677 3437 768 3500 auxbs
787 3435 931 3498 laboribus
950 3435 1071 3498 conlecti
1091 3438 1223 3498 iacerent.

424 3663 427 3671 ι
537 3715 864 3785 usserius
908 3714 1002 3786 cru

117 3905 122 3914 -
197 3882 263 3924 Aaou.
276 3881 349 3924 Boset
359 3881 433 3936 prino
446 3895 482 3926 res
494 3883 598 3929 imos
610 3899 652 3930 uos
664 3887 750 3930 mauri
762 3898 826 3933 caeco
832 3885 942 3944 serm
953 3889 1039 3942 rotatu,
1051 3883 1090 3929 sod
1101 3883 1125 3928 t·
1136 3883 1207 3928 coriis
1220 3881 1326 3937 σάωσ-
1430 3917 1431 3922 .

276 3950 347 4028 niteo!
364 3965 419 4008 quos
436 3954 527 3997 nudus
540 3969 594 3998 em
610 3957 792 4012 occideremus,
808 3957 930 4014 reputem
945 3969 993 4000 sese
1005 3956 1050 3998 aas·
1065 3955 1155 3998 iudicis.
1181 3952 1276 4010 unqu
1292 3967 1327 3996 rea

277 4021 388 4076 aduersu,
401 4027 424 4064 et
436 4024 537 4080 ,nequeo
550 4025 698 4070 cauatam
714 4027 821 4070 metam
837 4028 939 4082 tonna,
955 4026 1087 4081 naufragio,
1099 4019 1241 4078 sterilitates,
1252 4023 1326 4076 stilio,
1430 4047 1431 4056 .

275 4091 370 4148 nostor,
383 4091 487 4134 tatton-
499 4094 579 4150 nata,
593 4095 682 4138 rottae·
698 4111 747 4140 esee
760 4099 808 4140 trae
820 4098 863 4140 Dei
876 4096 1000 4140 testimonio
1017 4095 1094 4154 quibu
1109 4094 1204 4137 hmines
1217 4093 1248 4135 od
1259 4092 1328 4136 tridu-

276 4161 315 4201 sot
326 4175 388 4203 mn
400 4175 451 4205 reos
464 4164 527 4207 citat.
552 4165 679 4220 Prosperes
692 4173 763 4209 oue·
775 4173 797 4210 ct
809 4167 880 4210 imos
893 4177 1015 4221 aarum,
1032 4167 1079 4208 etse
1097 4165 1187 4218 gratioe
1205 4162 1280 4205 debere
1291 4163 1329 4204 od-

276 4231 353 4286 acrtti,
366 4237 391 4273 ut
404 4245 486 4292 emper
498 4249 561 4290 quon
573 4241 667 4278 nemsi*
678 4236 770 4292 ludens,
783 4237 818 4280 oet
829 4237 976 4281 trumwini
987 4237 1068 4291 patrta,
1085 4233 1119 4276 etl
1130 4233 1187 4276 iusti
1199 4231 1281 4275 tuasne
1293 4233 1330 4274 od-

277 4299 353 4342 etiem.
380 4303 473 4344 aanor·
485 4303 592 4350 inceditur
608 4305 631 4348 is
639 4308 748 4364 profonas
766 4307 868 4363 lonium,
885 4308 923 4365 est
941 4308 964 4350 t·
981 4313 1026 4350 tu·
1042 4305 1111 4349 clorio
1124 4303 1277 4360 manua·
1289 4305 1332 4348 M

277 4365 409 4414 tomo
423 4375 552 4418 mustus.
