2884 4886
545 289 887 368 rasnsaeaaeasm.¹
1179 296 1278 352 Ι293
1332 343 1371 352 ,,

133 427 184 472 ero
202 411 329 473 studium
349 410 506 474 servandae
524 407 617 495 legis,
638 431 654 474 a
674 413 770 476 servili
789 420 819 475 et
840 421 943 476 coacto
963 415 1104 498 obsequio
1126 417 1277 498 distinguit
1324 453 1333 482 s

133 491 297 573 Propheta,
338 493 384 550 uia
403 513 463 552 uon
483 495 551 552 satis
572 500 615 554 est
635 495 785 554 attendere
800 495 836 554 ad
857 493 962 575 Legem
983 494 1054 570 Dei,
1084 497 1139 560 uisi
1159 515 1223 558 eam
1243 499 1276 558 li.

134 575 235 632 hemer
254 512 460 652 emphatimur,
480 578 513 632 ut
533 575 594 634 eins
614 591 695 636 amor
714 593 766 634 sua
786 573 936 635 dulcedine
955 593 1054 634 omnes
1074 576 1166 638 carme
1182 575 1276 637 illece-

133 653 201 714 hras
221 655 346 731 superet.
376 637 477 734 ltaque
497 651 588 713 donec
608 646 665 714 hue
686 672 778 734 usquo
795 671 964 750 progressus
985 654 1154 736 quisiuerit,
1175 661 1208 718 ut
1221 654 1275 718 Le·

133 733 178 814 gis
202 731 352 790 delectatio
378 749 445 790 eum
470 729 598 792 hilariter
616 733 647 793 in
667 731 764 794 officio
784 737 944 809 contineat,
967 751 1025 794 uon
1046 734 1206 796 censebitur
1225 755 1273 796 ve·
1400 781 1401 792 ,

132 809 487 952 ffirfflisibffiil
508 809 716 952 laiht?
740 812 1087 966 “limitabit
1125 812 1282 956 pilii-

133 991 196 1034 esse
215 969 355 1030 fallaciam
375 965 433 1049 qu'a
453 989 486 1030 se
508 969 648 1052 deludunt
665 935 757 1054 impii,
781 971 909 1034 fictitiam
929 971 982 1048 sihi
1007 913 1209 1038 beatituheihem
1226 993 1271 1034 -ex

135 1049 282 1110 maleficiis
301 1049 444 1130 lingendo.
549 1123 552 1132 1
933 1125 936 1130 Ι
1182 1099 1185 1104 .

211 1135 240 1191 a
260 1133 374 1190 Potens
397 1138 430 1190 to
454 1139 545 1190 tm.
583 1129 744 1211 Propheta,
769 1130 936 1212 ‘probandae
961 1132 1190 1213 quum-protulit
1209 1150 1282 1194 sem

100 1235 103 1240 ·
135 1210 366 1284 tentiaecausa,
391 1212 498 1291 gratim
518 1208 574 1270 Dei
600 1211 762 1288 testimonia
788 1219 950 1287 enumerat,
972 1211 1078 1294 quibus
1098 1213 1283 1281 remunerari,

132 1285 208 1351 uolet
231 1308 299 1349 suos
325 1282 457 1350 cultores.
497 1289 542 1350 Ac
564 1289 658 1370 primo
706 1289 800 1350 tidem
820 1292 902 1365 dicit,
927 1311 984 1352 non
1011 1291 1098 1352 modo
1119 1294 1149 1352 in
1169 1312 1269 1352 eorum

132 1369 263 1459 personis
286 1369 410 1429 residere
434 1375 585 1450 petemum
606 1367 661 1429 Dei
684 1313 830 1444 heronem,
859 1371 909 1430 sed
934 1370 1050 1432 extendi
1070 1371 1106 1432 ad
1125 1377 1284 1454 postercsa'

133 1450 206 1509 sicut
225 1449 311 1511 eliam
329 1448 359 1507 iu
379 1446 455 1529 Lege
474 1448 591 1523 dicitur,
616 1447 679 1532 Ego
698 1469 762 1510 sum
782 1451 991 1514 misericornia
1011 1450 1089 1512 mille
1129 1449 1270 1514 ener'atio·

131 1547 183 1670 s
200 1472 1270 1672 satiatasils:aestimentiamhant

103 1706 205 1748 mus.
235 1685 294 1746 Sed
323 1687 392 1768 quia
411 1650 495 1748 mu’ffi
520 1629 670 1770 perperahh
690 1651 807 1770 aequali
821 1677 908 1749 modo
929 1684 1020 1748 metiri
1039 1629 1141 1750 voluht
1160 1629 1270 1769 tempgd·
1398 1679 1401 1690 ’

131 1767 205 1828 rales
230 1763 287 1827 Dei
312 1768 431 1848 gratias:
455 1765 609 1828 tenendum
633 1775 679 1828 est
702 1768 779 1853 quod
801 1765 915 1828 Psalmo
936 1771 985 1842 37,
1005 1769 1053 1830 25.
1074 1769 1173 1841 docui,
1193 1769 1271 1828 varie

130 1845 238 1907 scilieet
255 1865 304 1907 eas
324 1846 492 1926 dispensari,
508 1855 601 1928 prout
620 1845 685 1907 Deo
704 1848 805 1928 placet
835 1845 980 1908 interdum
1000 1847 1051 1908 het
1070 1853 1103 1908 nt
1122 1854 1216 1907 careat
1237 1847 1269 1907 li·

131 1927 207 1987 heris
236 1927 362 1986 otimus
391 1927 447 1986 vir:
478 1927 558 2008 atqui
588 1927 719 1988 sterilitas
744 1945 795 2008 per
819 1947 851 1986 se
870 1933 1004 1988 censetur
1022 1925 1079 1988 Dei
1099 1927 1269 1987 maledictio.

131 2005 182 2066 Sic
205 1948 289 2068 muhti
313 2026 350 2066 ex
370 2000 426 2066 Dei
449 2005 607 2066 cultoribus
632 2012 800 2088 premantur
823 2013 947 2088 egestate
972 2012 1001 2065 ct
1020 2007 1130 2087 iuopia,
1160 2005 1268 2066 morbis

131 2085 272 2161 laborant,
292 2085 378 2146 variis
398 2088 542 2146 aerumnis
562 2087 665 2145 misere
684 2086 859 2166 affliguntur.
899 2084 1033 2146 Tenenda
1053 2091 1097 2146 est
1115 2086 1202 2167 igitur
1220 2104 1268 2166 ge-

131 2165 237 2230 neralis
265 2166 373 2245 regule,
393 2172 481 2246 prout
502 2164 581 2224 Deus
607 2165 724 2245 singulis
747 2165 818 2226 utile
843 2183 906 2225 esse
930 2163 1026 2238 nemi,
1055 2183 1133 2224 nuuc
1153 2163 1268 2260 largius,

131 2245 210 2306 aluno
231 2249 346 2325 parcius
371 2263 438 2326 erga
463 2263 532 2304 suos
556 2263 618 2304 esse
641 2243 813 2306 beneficums
844 2247 903 2305 imo
927 2241 1071 2304 interdum
1087 2243 1203 2305 laveris
1223 2263 1268 2304 sur

131 2325 227 2465 ddhhlean
242 2323 494 2465 hhhcihhiheddhehi
512 2321 607 2464 driddd
621 2323 1122 2464 apppipopephupprrpeppprgpptmos.
1139 2321 1268 2463 chachar?

131 2507 189 2546 suo
194 2493 339 2568 progente
354 2423 691 2564 amusospltompi'pum
702 2483 838 2566 improbis
853 2481 924 2544 nihil
933 2481 1009 2543 aliud
1027 2425 1208 2564 propohhum
1226 2483 1264 2541 ait
1369 2527 1373 2534 ,

130 2583 217 2662 quam
241 2583 358 2652 regnare
383 2567 412 2624 in
436 2561 558 2639 mundo,
589 2572 619 2624 et
642 2561 716 2625 tilios
742 2581 810 2654 suos
834 2563 963 2624 attollere
986 2579 1071 2643 supra
1101 2560 1206 2633 nubes,
1234 2567 1268 2656 ut

129 2639 1266 2796 titt?,thabithall:tiboillonililt'nllhillt

129 2803 213 2862 Dens
232 2803 314 2884 quasi
333 2810 461 2883 porrecta
480 2823 581 2876 manu,
601 2805 700 2864 cosin
719 2803 840 2864 sublime
859 2793 972 2862 attollit.
996 2801 1080 2863 Adde
1098 2799 1185 2880 quodv
1197 2800 1281 2859 olim'
1350 2861 1357 2870 ,

131 2879 281 2962 sublege
305 2883 394 2961 magis
420 2883 542 2944 dilucida
566 2881 622 2943 luit
645 2881 731 2944 huius
756 2883 901 2944 doctrinae
920 2879 1103 2962 approbatio,
1131 2879 1199 2960 quia
1218 2897 1265 2940 ru·
1295 2897 1301 2907 ¹

131 2961 196 3024 dem
216 2967 245 3022 et
264 2961 407 3022 infirmum
428 2964 569 3043 populum
587 2965 705 3026 terrenis
725 2957 966 3044 benedictionibus
985 2960 1122 3056 paulatim
1138 2959 1266 3040 adspem

129 3041 277 3104 meliorem
298 3041 400 3103 deduci
419 3045 554 3124 oportuit.
580 3041 754 3123 Quanquam
775 3043 828 3102 uisi
847 3047 945 3104 nostra
965 3041 1033 3100 vrtia
1053 3035 1202 3100 obstaculo
1216 3037 1264 3100 lo·
1351 3055 1355 3062 ·
1375 3061 1380 3070 ·

130 3127 206 3198 rent,
229 3121 315 3183 hodie
328 3141 445 3204 qnoque
469 3123 571 3184 elarius
594 3123 735 3204 fulgerent
754 3129 865 3184 terrena
883 3139 952 3200 erga
971 3117 1101 3183 nosDei
1120 3117 1279 3181 beneficia*

129 3199 204 3264 Nam
224 3202 303 3282 quod
322 3222 392 3262 mox
412 3201 533 3276 additur,
552 3225 622 3283 opes
641 3212 668 3263 et
688 3203 807 3264 divitius
814 3203 892 3283 sore
911 3211 944 3261 a'n
962 3201 1094 3259 domibus
1108 3209 1264 3274 rectomm,

129 3301 189 3343 neu
208 3301 351 3364 peraeque
371 3301 483 3364 semper
502 3283 677 3421 experientia
696 3301 796 3340 vemm
816 3299 878 3341 esse
893 3279 1079 3364 demonstrat,
1094 3279 1161 3358 quia
1175 3289 1262 3360 saepe

129 3361 530 3443 contingitprohosetsanetos
557 3360 779 3422 omines'esnrire
788 3367 817 3420 et
827 3359 929 3440 frugali
939 3360 1025 3424 etiam
1035 3358 1115 3452 victu
1126 3356 1262 3454 destituis
1297 3375 1304 3396 ²

127 3441 637 3604 sibilasibila}‘ii
653 3437 1160 3597 tliilhtlleitlftntii
1175 3437 1263 3598 tlh:
1319 3557 1327 3568 .

129 3599 255 3662 celebrat
274 3599 433 3682 Propheta,
462 3602 492 3661 in
521 3620 558 3660 eo
586 3600 711 3660 maxime
730 3599 868 3679 conspici,
899 3597 977 3678 quod
997 3615 1048 3656 sua
1068 3596 1263 3656 mediocritate

129 3681 256 3746 contenti
280 3689 348 3740 sunt
373 3679 455 3761 probi
474 3687 504 3741 et
523 3681 677 3761 simplices,
707 3698 796 3758 quum
815 3675 894 3740 nmla
913 3678 995 3758 copia
1016 3681 1178 3736 saturentur
1196 3695 1262 3756 pro·

4 3807 5 3812 1
127 3757 345 3834 semihomines,
365 3761 608 3839 quamvistotum
627 3757 765 3820 mundum
785 3757 963 3820 absorbeant.
993 3753 1103 3816 Verum
1123 3755 1198 3816 enim
1218 3759 1262 3813 est

3 3849 4 3852 ’
127 3845 210 3898 vetus
230 3839 301 3898 illud
320 3837 519 3918 proverbium,
540 3839 611 3900 Tum
632 3839 729 3900 deesse
749 3857 835 3899 avaro
855 3836 933 3919 quod
953 3833 1054 3910 habet,
1079 3854 1162 3918 pam
1184 3833 1263 3914 quod

127 3939 186 3978 nnn
200 3917 298 3984 hahet:
319 3919 386 3998 quia
406 3919 477 3978 nihil
496 3919 631 4000 possidet,
651 3919 701 3980 sed
721 3925 833 3979 tantum
874 3916 1013 3977 ossidetur
1033 3933 1049 3976 a
1070 3918 1129 3976 suis
1147 3913 1260 3972 divitiis.
1357 3981 1360 3988 ‚

127 3997 312 4062 Coniumtim
342 3999 426 4058 etiam
451 4017 516 4058 cum
538 3997 597 4062 hoo
621 3998 749 4060 membro
769 3939 920 4078 legendum
940 4003 983 4056 est
1002 3995 1080 4076 quod
1098 4001 1197 4074 postea
1218 4011 1262 4050 so-

126 4078 248 4157 quitur,
264 4085 410 4138 iustitium
430 4079 573 4137 donorum
595 4101 712 4139 mttere
732 4088 883 4160 perpetuo.
922 4075 1020 4156 Atque
1040 4074 1095 4134 huc
1113 4075 1261 4154 proprium

125 4163 171 4218 est
190 4163 220 4218 et
239 4157 425 4217 certissimum
445 4157 610 4216 discrimen:
630 4159 696 4236 quia
715 4160 768 4218 etsi
787 4158 822 4217 ad
842 4165 954 4234 tempus
974 4155 1096 4215 lanciunt
1115 4154 1191 4238 impii
1210 4151 1261 4209 do·

125 4255 190 4297 mos
211 4255 277 4296 suas
298 4239 406 4316 maguis
426 4235 525 4316 copiis,
545 4255 603 4296 uno
623 4235 679 4297 Dei
700 4239 777 4312 llatu,
798 4239 872 4298 sicut
891 4233 959 4295 Doit
971 4233 1122 4316 Propheta,
1143 4251 1173 4293 rc
1186 4238 1260 4291 sente

126 4321 277 4377 evanescet
296 4323 356 4376 tcta
376 4316 423 4376 illa
444 4318 603 4398 congeries,
623 4317 695 4398 agg.
717 4319 808 4397 eapite
828 4317 934 4396 primo,
953 4333 1039 4374 versu
1057 4331 1144 4386 noun,
1163 4255 1201 4372 lh
1220 4313 1261 4372 vi·

128 4393 229 4458 demus
254 4396 381 4476 quotidie
405 4399 433 4458 in
455 4395 589 4485 praeplam
608 4397 720 4477 exponi
732 4415 805 4477 qnae
824 4396 930 4478 rapinis
949 4393 997 4456 vel
1015 4391 1160 4456 fraudibus
1180 4399 1261 4474 parta
