2890 4886
488 258 490 264 '
552 269 872 317 ierarchicis.
1015 248 1046 341 'l
1219 239 1308 339 277‘

138 398 285 482 praeteriti
302 397 454 478 temporis,
473 394 560 456 Venit
574 396 604 457 ei
623 397 797 472 maledictio,
821 405 852 459 ci
875 399 1033 462 benedictio
1058 401 1190 482 elongata
1215 409 1271 464 est:

139 479 189 538 sed
256 495 290 538 aa
316 477 346 571 ip
369 473 488 570 modam
513 477 630 556 optandi
654 477 757 538 resolvi
778 475 889 539 debent.
927 479 1064 554 Peccator
1083 482 1158 540 enirn
1177 482 1272 544 adhuc

138 557 216 620 Davi
254 555 379 616 retaliari
397 553 472 614 hosti
492 573 546 614 sno
565 574 639 635 qnae
658 557 719 618 aliis
734 558 868 619 intulerat
882 560 965 620 malr.
990 560 1071 621 Sicut
1086 579 1153 640 ergo
1169 581 1272 642 expers

139 637 236 734 peruia
256 634 458 774 bmplbeentiae
477 634 583 726 fuerat,
611 637 670 696 imo
689 639 770 718 quasi
789 638 820 698 in
839 637 944 735 deliciis
963 638 1100 736 habuerat
1118 639 1270 738 maleficia:

138 713 940 877 ttttttttttlttltttttt,ttttttl
955 717 1084 874 itit
1099 718 1268 860 iiiiiii&

138 876 225 937 nibus
243 893 305 935 ease
324 872 466 946 deditum,
490 881 519 933 et
541 873 611 933 nihil
631 881 741 956 praeter
760 878 846 936 exitia
865 869 1116 939 rel'inlaustssiet
1135 878 1270 941 adversas

135 961 261 1052 epeatus
281 954 397 1048 spirare,
417 952 497 1091 paud
515 954 570 1014 atsi-
586 973 644 1013 non
664 953 791 1092 repudio,
810 955 930 1018 libenter
949 958 1269 1021 tamenextendo‘lou·
1331 992 1333 1009 ·

139 1055 218 1116 grus,
238 1031 299 1112 Qua
317 1032 417 1092 laedcn
438 1052 456 1091 o
475 1037 506 1092 et
524 1032 654 1094 nocendo
675 1053 690 1092 a
711 1033 787 1094 clere
805 1035 945 1097 studuerit
964 1053 1078 1098 omnem
1097 1035 1268 1099 benedictio·

139 1133 220 1187 nem,
236 1111 377 1174 bonoram
397 1117 490 1171 autem
503 1119 540 1210 'et
559 1111 729 1193 simplicium
748 1111 874 1174 cladibus
894 1113 1048 1177 oblectatus
1066 1113 1161 1178 fucrit.
1185 1100 1269 1177 ilaus

139 1199 291 1274 sequentes
310 1209 409 1252 serens
428 1191 511 1252 multi
531 1198 699 1276 rutprpretes
719 1200 835 1254 vertunt
853 1196 883 1255 in
902 1198 1061 1275 praeterito,
1079 1199 1209 1258 Iudaica
1227 1207 1269 1257 est

138 1275 353 1344 maledictione,
372 1283 425 1332 ete.
445 1273 502 1332 acsi
515 1269 619 1332 diceret
631 1271 735 1346 David,
757 1271 868 1336 bostem
879 1294 963 1335 sunm
977 1295 1036 1337 non
1055 1276 1148 1338 minus
1167 1277 1269 1358 cupide
1395 1286 1402 1299 “

140 1373 177 1434 ap
198 1359 275 1432 ptere
295 1351 519 1447 maledictionem
531 1370 625 1446 ¹quarn
645 1353 800 1434 pretiosum
817 1362 1027 1415 oruamentum:
1048 1355 1104 1429 vel,
1123 1375 1154 1416 se
1173 1375 1207 1416 ea
1227 1357 1267 1417 in·
1333 1363 1340 1378 ⁸

139 1375 258 1493 coivere
277 1431 394 1513 peunde
412 1450 446 1491 ac
465 1437 651 1505 vestimento,
681 1431 847 1528 paribusque
870 1436 930 1494 eius
955 1453 988 1494 ac
1006 1435 1135 1494 medullis
1155 1435 1268 1517 penitus

139 1531 202 1573 case
221 1511 341 1574 infixam
362 1509 438 1571 hanc
456 1509 597 1572 morbum.
637 1509 719 1572 Alter
741 1518 836 1574 tamen
861 1533 960 1575 sensus
984 1512 1139 1596 simplicior
1156 1521 1212 1587 est,
1236 1519 1268 1574 ut

139 1591 302 1652 maledictio
321 1589 473 1652 adhaereat
491 1590 593 1671 impio,
617 1591 706 1651 instar
724 1591 803 1672 pallii
822 1611 888 1652 eum
908 1593 1030 1674 operiat,
1054 1594 1144 1654 instar
1163 1592 1268 1674 cinguli

139 1690 206 1732 com
226 1671 414 1750 constringat,
438 1670 565 1750 adeoque
585 1677 713 1750 penetret
731 1672 760 1730 in
781 1687 845 1731 ossa
864 1674 934 1733 eius.
973 1672 1094 1754 Semper
1111 1678 1207 1732 autern
1227 1671 1266 1732 ie·

137 1769 208 1812 nere
226 1750 369 1824 convenit,
387 1747 529 1811 Davidem
548 1769 606 1811 non
626 1767 709 1830 agere
728 1752 867 1832 privatam
887 1767 1011 1825 musam,
1030 1770 1084 1813 nec
1102 1771 1191 1815 uuum
1205 1769 1281 1831 ease¹

137 1830 293 1912 quemlibet
312 1829 455 1910 cxvnlgo,
474 1848 513 1890 aa
531 1830 596 1910 quis
613 1836 721 1890 temere
739 1831 768 1890 in
788 1849 871 1891 ercan
892 1831 952 1892 lum
971 1831 1065 1892 trahat
1083 1829 1162 1912 qnod
1176 1849 1267 1912 pecn-

137 1911 202 1971 liari
210 1909 339 2006 Spiritus
353 1911 489 2005 instinctu
508 1908 555 2006 hic
574 1907 649 1969 dicit.
671 1907 819 2004 licoisas
839 1851 957 2006 duilium
973 1917 1028 2005 pst,
1046 1917 1188 1991 quatenus
1208 1915 1269 1970 erat
1317 1961 1319 1966 .

60 2034 61 2042 κ
138 2009 177 2050 ex
195 2007 340 2050 commum
359 1989 457 2050 ordine
475 1987 609 2058 fidebam,
630 2007 700 2068 quur
718 1988 847 2068 regulam
872 1995 995 2050 cantatu
1019 1997 1166 2069 sequutus,
1187 1995 1267 2069 opta·

138 2069 213 2129 verit
237 2087 336 2130 omnes
359 2087 421 2129 essa
445 2067 553 2128 salsos:
572 2065 631 2162 „send
656 2066 707 2162 hic
726 2069 856 2162 spiritum
880 2069 941 2128 dns
960 2067 1162 2164 eptulitnDeus
1181 2087 1268 2163 supra

139 2146 1269 2308 ttffletttttttt·ttitttttttttittttttlttttttt

137 2307 284 2368 bominem
307 2326 341 2366 nc
364 2307 507 2387 perditam
531 2305 686 2366 devoveret
709 2305 805 2365 exitio.
846 2303 935 2384 Quod
965 2312 1115 2388 exponunt
1143 2305 1268 2387 quidam,

139 2385 251 2448 Dilexit
265 2385 506 2458 maledictionem,
535 2385 600 2444 dats
626 2403 712 2464 opera
731 2385 760 2444 in
780 2403 812 2446 se
830 2387 998 2467 provocavit
1015 2383 1182 2460 vindictam,
1211 2387 1269 2446 acsi

140 2467 248 2527 bellum
267 2465 332 2526 Deo
351 2465 486 2538 indicens,
505 2465 658 2544 perniciem
677 2461 730 2524 sibi
740 2470 905 2539 accerseret,
923 2465 1034 2528 videtur
1046 2471 1177 2526 coactum
1197 2477 1268 2526 etse.

136 2546 238 2687 gum
257 2545 493 2684 potiusttcnenda
513 2551 567 2684 epp¹¹
575 2543 624 2604 illa
642 2544 823 2683 qpaffism
839 2544 900 2683 {pte
934 2545 1044 2684 repello,
1063 2544 1207 2681 addliptam
1227 2545 1268 2604 sic

120 2661 124 2669 ·
171 2628 226 2686 isse
266 2626 378 2686 radiati
397 2633 428 2687 et
452 2626 524 2684 inias
539 2625 545 2640 '
561 2625 603 2684 'aa
642 2643 661 2684 u
717 2623 754 2638 '⁵
789 2624 859 2685 rec·
884 2643 903 2682 v
936 2681 941 2695 ,
978 2624 1113 2685 nmania
1156 2641 1192 2683 eo
1218 2642 1267 2683 ex-
1338 2675 1344 2698 ,

136 2707 221 2788 primi
245 2645 382 2786 imbuerit.
422 2704 531 2764 Interea
559 2663 717 2764 rothadum
742 2707 798 2776 est,
828 2701 964 2784 quiequid
993 2703 1190 2764 machinantur
1214 2703 1267 2763 im-

136 2786 229 2866 probi,
247 2777 372 2846 reciderc
381 2771 494 2845 ueteri
513 2785 543 2845 in
562 2783 690 2864 ipsorum
699 2783 804 2864 capita:
824 2790 854 2843 et
873 2783 1048 2863 qmmaiore
1066 2782 1268 2864 licentiagras·
1353 2831 1360 2849 ,
1432 2759 1441 2774 ⁸

135 2871 245 2940 untur,
264 2863 318 2924 sibi
337 2883 479 2924 sommare
498 2861 633 2944 quicquid
657 2861 719 2924 aliis
742 2863 896 2942 manunt,
919 2879 979 2926 non
996 2881 1078 2926 secas
1097 2880 1132 2924 ac
1151 2861 1267 2930 Caedes

135 2945 232 3006 llando
250 2943 341 3004 nabes
359 2945 484 3004 accersit.
861 2967 863 2970 ·
1080 2963 1096 3000 s

200 3029 265 3116 ρο.
286 3027 353 3084 Hor
371 3045 454 3105 opas.
484 3021 730 3104 operaepretium
749 3020 888 3102 significat
907 3023 953 3086 rel
973 3021 1144 3084 mercedem:
1166 3022 1268 3084 diserte

136 3110 232 3165 antem
252 3103 425 3185 exprimite
444 3107 527 3165 Dec:
545 3109 579 3163 ut
597 3109 718 3162 testetur
737 3101 789 3162 sibi
808 3103 963 3164 incoelesti
978 3103 1089 3164 vindice
1104 3123 1185 3184 spem
1205 3121 1268 3163 essa
1379 3117 1388 3126 “

135 3184 288 3257 residuam,
307 3183 437 3265 quamvis
456 3185 484 3242 in
505 3192 579 3242 terra
599 3181 721 3242 nudatus
740 3181 826 3241 abac
846 3181 962 3244 orbatas
977 3181 1107 3242 humanis
1127 3181 1266 3242 snlnidiic.

136 3263 308 3344 colligimus
327 3269 421 3322 autem
441 3281 478 3322 ex
498 3260 554 3322 hoc
573 3273 668 3335 versa,
687 3279 746 3324 noa
759 3263 865 3320 temere
884 3279 916 3322 ac
931 3261 1048 3322 futiliter
1066 3259 1194 3322 hostibus
1208 3263 1267 3322 suis

134 3345 315 3404 maledixisse
333 3341 484 3414 Davidem,
503 3341 553 3402 aad
572 3359 670 3400 secure
688 3340 888 3420 pronuntiasse
906 3339 983 3421 quod
1003 3339 1127 3403 dictabat
1135 3339 1265 3421 Spiritus.

79 3423 86 3430 “
135 3421 241 3482 Fetem
259 3421 390 3568 spoliem
409 3423 527 3494 multos,
547 3419 615 3480 darn
634 3419 720 3482 talem
735 3415 867 3480 fiduciam
887 3424 1066 3500 praetexunt,
1084 3420 1121 3480 ad
1140 3420 1265 3499 petulan-

134 3503 205 3563 tiam
229 3501 286 3562 nihi
300 3505 411 3563 ominus
435 3508 463 3562 et
488 3500 681 3580 intemperiem
706 3495 803 3560 ruere:
827 3497 878 3558 sed
898 3497 991 3559 David
1011 3499 1088 3579 quod
1108 3519 1181 3579 puro
1201 3495 1267 3562 iidei
1390 3517 1395 3530 ‘

136 3582 222 3641 oculo
241 3581 383 3657 cernebat,
403 3584 501 3720 Ὲιίεἱο
525 3577 734 3738 οϋαωέίΐοοῑιι
755 3577 882 3658 protulit,
906 3577 1022 3657 (nempe
1046 3579 1112 3658 quia
1132 3578 1266 3672 pietatem

134 3661 198 3742 ipsa
220 3661 326 3722 coleret
349 3679 385 3722 ac
433 3663 571 3722 dmann
611 3719 612 3722 ,
648 3658 757 3732 eretur)
784 3657 943 3719 mercedem
969 3657 1096 3718 hostibus
1120 3677 1179 3716 sais
1204 3675 1266 3718 esse

134 3743 297 3838 repositam
338 3740 435 3819 Atque
459 3739 526 3800 hinc
551 3738 710 3818 colligimus
734 3756 804 3832 non·
817 3735 951 3834 babuisse
965 3746 1134 3834 ’respectum
1159 3737 1194 3796 ad
1215 3735 1264 3796 bo·

133 3839 235 3895 mines,
255 3827 288 3880 nt
307 3819 458 3880 fluctuaret
477 3824 562 3899 prout
579 3817 719 3878 mundum
733 3823 851 3876 sentiret
869 3824 1024 3898 proprbum
1040 3818 1087 3878 vel
1106 3816 1266 3892 adversum,
1311 3862 1313 3867 ,

134 3900 185 3960 sed
204 3902 235 3960 iu
249 3907 344 3962 baum
364 3896 460 3958 Deum
479 3897 648 3958 recubuisse.
687 3895 725 3958 Et
744 3903 822 3957 certe
831 3899 961 3978 quisquis
971 3896 1006 3958 ab
1025 3896 1185 3958 hominibus
1196 3915 1265 3990 peu:

133 3979 225 4054 debit,
256 3979 294 4038 ad
317 3978 433 4038 minima
458 3992 589 4056 quaeque
613 3976 791 4038 incommoda
816 3977 936 4039 excidet.
975 3976 1074 4058 ltaque
1103 3976 1193 4036 sancti
1213 3975 1265 4034 viri
1385 4025 1388 4034 .

132 4059 277 4138 exemplo,
296 4058 426 4137 quamvis
446 4062 523 4116 totns
542 4056 666 4117 mundus
684 4077 737 4116 nos
748 4055 889 4132 destituat,
908 4063 1138 4119 menteasnrsurn
1157 4055 1264 4133 erigere

75 4151 77 4158 '
132 4157 188 4198 nos
207 4140 351 4210 convenit,
370 4135 482 4203 etinde
501 4135 642 4196 vindicem
660 4142 790 4196 nostram
814 4145 986 4217 exspectare.
1025 4136 1058 4196 Si
1082 4154 1135 4196 nos
1155 4137 1263 4214 eripere

133 4219 204 4277 velit
222 4235 274 4298 per
293 4235 410 4276 manum
433 4215 596 4289 hominum,
622 4209 703 4276 latiis
722 4218 844 4296 reperiet
868 4217 1012 4276 ministros
1031 4213 1133 4296 quihus
1154 4221 1261 4276 utatur:

134 4313 236 4359 verum
255 4296 279 4358 si
297 4295 364 4358 lidei
383 4301 499 4358 naahas
517 4293 680 4376 probandae
697 4313 783 4356 causa
797 4297 915 4358 terrenis
935 4295 1066 4357 omnibus
1080 4294 1190 4356 auxiliis
1209 4313 1262 4354 uos
