2844 4882
438 271 661 316 rarorum
698 270 815 314 ιιιιιιιι.
1126 301 1130 312 .
1183 269 1258 336 441!

99 401 274 466 mantua
301 393 375 462 diota
400 403 446 460 ast
474 385 595 460 aarum·
704 413 707 421 ’
747 394 808 456 aar
833 393 1019 458 donamina
1046 393 1103 458 loni
1131 395 1234 480 lupide
1300 447 1311 470 .

99 491 144 544 est
170 482 319 544 diriortim
347 481 446 560 itaqua
473 492 599 559 quaeum
697 471 776 556 quod
805 474 842 536 ed
862 475 1135 538 verisimilitudinem
1166 495 1235 560 pro-

120 567 164 624 ius
196 561 320 634 aaoedat
370 557 498 619 Primum
521 555 650 618 nonnihil
679 555 784 652 eoloris
817 553 936 616 haberet
968 555 1039 616 leaeo
1078 560 1231 698 eumilo,
1257 619 1260 628 Δ
1368 585 1372 596 ·

100 721 178 782 ιιι.
196 635 600 789 {etimithi
617 634 923 788 huelem
941 651 1008 776 t:
1021 634 1129 788 lte,
1149 637 1244 798 ,h

101 799 271 861 Saaotoerio
300 799 396 858 louam
426 798 456 858 iu
476 794 539 856 eolo
559 797 621 856 eins
639 795 726 856 natali
746 795 872 855 maxime
889 792 1026 856 idoneum
1045 796 1139 856 risum
1163 812 1235 858 esse.

9 869 15 928 ἰ
102 880 162 942 ttae
187 879 294 940 sainna
313 878 400 938 atsi
420 874 491 938 haee
509 869 608 957 opinio
626 877 731 958 proin
752 875 818 936 hine
837 873 999 936 invaluerit.
1038 874 1080 936 lte
1103 893 1139 935 ue
1158 876 1237 936 audi·

9 949 11 960 ’
102 969 150 1020 tos
168 958 215 1019 lrio
233 958 344 1040 positus
363 963 437 1018 errat
456 975 510 1038 pro
530 955 674 1018 eommoai
694 955 777 1016 ieme.
807 951 895 1033 Quod
914 955 940 1015 ai
957 954 1071 1093 pluerat
1115 955 1147 1015 'o‘
1169 970 1238 1018 ιιι·-

103 1057 166 1113 soa,
198 1046 313 1118 tempos
342 1033 421 1096 rerlri
449 1042 525 1096 esset
555 1035 879 1117 plusquamperleetum,
908 1033 955 1095 Au
977 1035 1097 1095 'emmor
1126 1053 1189 1096 eam
1208 1035 1239 1097 iu
1286 1095 1289 1104 ,

15 1135 16 1146 ³
105 1117 259 1200 Ephratlu,
277 1115 438 1188 invenimus
456 1121 551 1180 auteur
570 1117 601 1176 in
620 1114 721 1196 opleta,
740 1113 796 1174 lroe
814 1119 867 1188 ast,
886 1114 916 1174 io
936 1114 1002 1175 loeo
1021 1131 1080 1175 noo
1098 1120 1159 1174 tarn
1179 1115 1239 1176 eul-

104 1208 146 1273 to,
165 1217 258 1278 nequa
276 1215 408 1257 amoeno.
432 1195 547 1258 Seimm
565 1195 643 1256 enirn
662 1193 814 1254 lerosalem
834 1193 979 1255 montibus
998 1193 1085 1254 solare
1105 1195 1238 1268 ιὶιιιιιιιι,

104 1297 158 1340 nee
186 1283 295 1358 partem
324 1275 403 1340 illam
432 1281 525 1336 terrae
553 1273 641 1334 luisse
660 1273 837 1355 frugiferam,
867 1279 902 1334 ut
920 1291 978 1334 ooo
999 1271 1050 1334 aba
1070 1291 1102 1333 re
1120 1280 1240 1342 eruetur

104 1357 228 1438 sylvam.
266 1353 439 1438 lixpendaot
457 1356 543 1424 etiam
563 1353 683 1414 lautores
702 1373 739 1414 ao
759 1353 832 1414 alter
851 1351 1016 1414 hiereneus
1041 1353 1116 1414 mele
1134 1371 1238 1418 eonve-

10 1459 15 1491 =
103 1443 172 1512 olet,
190 1445 223 1497 ut
241 1438 265 1497 si
285 1437 381 1498 dierat
400 1433 496 1496 fideles
516 1451 548 1494 ae
565 1431 688 1494 audiisee
706 1433 736 1493 iu
753 1431 908 1513 llphratha,
932 1433 1000 1512 qnia
1012 1429 1155 1494 Dominus
1174 1431 1239 1492 aule

8 1517 9 1524 ’
104 1519 199 1580 limina
218 1515 325 1598 aliquid
345 1515 381 1576 da
400 1513 546 1594 Ephratha
565 1512 770 1592 pollioebatnr,
798 1529 886 1593 quem
906 1512 942 1572 de
961 1510 1042 1574 Sion.
1064 1509 1143 1574 that
1160 1514 1240 1574 enim
1274 1572 1282 1587 ‚

8 1614 15 1654 ι
104 1596 286 1660 memorabile
309 1594 379 1657 illud
399 1593 545 1655 Mlohreee
564 1596 594 1667 5,
613 1599 641 1655 2.
673 1593 837 1652 vaticinium
861 1590 989 1651 noudum
1009 1591 1116 1654 editum
1136 1591 1240 1668 lueret,

8 1699 9 1736 ι
104 1679 165 1738 llari
194 1684 291 1738 tamen
316 1681 410 1756 puteat
430 1680 461 1733 ut
480 1675 536 1734 iam
569 1671 649 1733 llens
677 1671 784 1754 aliquid
813 1669 996 1751 magnifieum
1026 1678 1056 1730 et
1070 1672 1184 1751 insigne
1202 1669 1239 1732 de

104 1754 272 1818 Bethlehem
295 1760 415 1815 testatus
439 1753 522 1814 iuret.
562 1753 732 1817 Audivimus
751 1769 820 1831 ergo
839 1751 875 1810 de
894 1749 1074 1810 Bethlehem:
1104 1749 1153 1810 sed
1173 1751 1240 1830 qnia

11 1882 15 1898 .
104 1837 186 1896 loeus
209 1835 256 1894 ille
279 1833 375 1893 adhue
393 1834 423 1894 io
442 1851 493 1913 spe
512 1831 596 1894 uobis
614 1838 660 1892 ast
678 1830 874 1905 ubseonditoa,
903 1831 1011 1892 hrterea
1024 1829 1168 1891 molendae
1186 1832 1242 1890 erit

104 1913 188 1974 Droe
206 1915 235 1972 in
255 1912 321 1972 loeo
341 1911 473 1991 rylroao,
492 1912 584 1972 donee
602 1911 833 1992 promissionem,
853 1927 940 1991 qoem
960 1907 1161 1992 dallphratha
1179 1927 1240 1970 ror·
1292 1965 1294 1975 ,

106 1993 224 2074 pendit,
254 1989 380 2072 impleat.
419 1989 477 2051 Sed
503 1992 570 2070 quia
596 1990 664 2050 haee
682 1990 879 2070 interpretatio
898 1996 998 2048 aoaeta
1017 1997 1076 2061 est,
1108 2007 1171 2050 eam
1191 1991 1242 2050 vix

107 2073 200 2132 audeo
220 2072 367 2152 ampleuti,
391 2075 468 2130 eerte
487 2089 540 2151 pro
559 2071 681 2148 gannim
699 2089 758 2130 uon
777 2067 955 2130 uommeodu.
995 2065 1064 2128 lilihi
1085 2069 1255 2150 simpliciusx

107 2152 237 2224 vitetur,
267 2167 372 2212 nomeu
396 2146 543 2230 llphratlra
564 2151 659 2290 potins
679 2148 716 2207 da
735 2165 855 2230 persona
875 2145 995 2208 Doridis
1015 2163 1102 2226 qnam
1121 2149 1157 2208 de
1176 2149 1242 2208 loeo

108 2232 259 2372 lilith
273 2227 569 2370 ”lihiril‘ihil
587 2223 1065 2369 ‘thllihll‘ht‘ftttl
1100 2224 1242 2368 ‘tihi

8 2393 9 2398 ’
108 2385 256 2452 adnutum}
295 2387 415 2452 Ponitur
439 2331 647 2470 notem⁵p⁹1tmo
667 2388 732 2448 loeo
752 2386 879 2453 auditus,
904 2387 970 2467 quia
989 2385 1123 2447 non-luit
1140 2389 1171 2448 iu
1190 2386 1242 2448 hu·
1286 2433 1287 2440 ι

7 2473 9 2484 ⁴
108 2473 226 2540 minum,
248 2467 364 2531 arbitrio
383 2467 583 2530 Saoetnarinm
597 2467 654 2529 Dei
673 2485 794 2548 usquam
814 2466 910 2548 ligere,
930 2465 1021 2528 donee
1040 2465 1181 2548 poteiaata
1200 2485 1242 2527 es·-

108 2558 154 2611 ret
173 2547 228 2610 Dei
251 2548 393 2608 voluutas.
424 2545 484 2618 Neo
503 2565 573 2608 vero
592 2565 767 2630 supervacua
786 2553 831 2608 est
849 2545 1009 2627 gratulatio,
1029 2545 1107 2627 quod
1126 2545 1243 2608 tandem

109 2628 163 2690 rub
183 2646 272 2710 regno
291 2626 412 2689 Doridis
430 2625 527 2692 uolrile
545 2627 615 2688 illud
635 2627 784 2688 oraculum
804 2625 840 2686 de
860 2633 974 2686 aeterna
994 2623 1106 2707 Templi
1121 2628 1242 2688 atudooe

108 2709 226 2770 allatum
245 2708 308 2768 luit.
337 2705 447 2768 Interea
472 2707 626 2768 ostendunt
644 2705 742 2767 fideles
761 2725 792 2768 se
810 2707 917 2768 Aream
937 2725 995 2766 uon
1015 2705 1124 2766 locasse
1142 2709 1172 2766 in
1191 2706 1242 2768 ho-

108 2790 193 2870 spitio
212 2787 341 2863 fortuito,
360 2785 410 2848 sed
428 2785 564 2848 divinitae
583 2785 670 2848 luisse
687 2786 804 2847 moetos
822 2785 873 2846 nbi
893 2782 974 2846 Deus
992 2785 1050 2847 ooli
1075 2783 1178 2862 vallet,
1203 2789 1242 2850 ai·

109 2867 169 2928 euti
198 2869 229 2928 in
253 2867 380 2947 legitimo
405 2865 485 2927 enlto
509 2883 622 2948 semper
646 2866 799 2962 primatum
818 2871 896 2927 tenet
915 2865 1000 2938 fides,
1030 2883 1104 2948 quae
1123 2866 1185 3004 ipse
1204 2887 1243 2929 ex

7 2953 8 2988 ἒ
110 2946 210 3006 auditu
239 2947 372 3006 naseitur.
414 2943 550 3006 Ceterum
574 2964 705 3025 quamvis
735 2965 818 3008 mona
837 2943 908 3005 Sion
934 2945 1020 3004 nullis
1046 2943 1105 3006 iere
1148 2947 1242 3006 otilrnr

7 3063 9 3098 ,
109 3023 275 3098 exoelleret,
299 3023 453 3086 ostendunt
469 3031 566 3088 tamen
585 3024 694 3097 lidelea,
714 3025 794 3086 nelos
813 3044 875 3086 ease
896 3022 932 3086 da
951 3025 1018 3086 looo
1036 3023 1167 3106 eligendo
1186 3025 1243 3086 rh's·

54 3197 60 3212 ·
111 3103 875 3266 apud?‘Idgzddldhelrudhudnatitddddaldawetdmtd
894 3183 981 3246 dietat
1000 3203 1242 3248 aommnuemex·
1271 3171 1275 3176 ⁵

110 3261 278 3324 hortationis
297 3263 418 3324 sormam
439 3263 493 3343 plia
512 3263 652 3338 omnibns,
671 3281 729 3343 qua
748 3281 779 3324 ιι
798 3269 900 3324 mutuo
920 3265 1039 3325 invitent
1061 3265 1097 3325 ad
1117 3285 1183 3326 eum
1199 3267 1243 3328 lo·

111 3359 177 3404 oum
207 3341 257 3424 qui
280 3341 316 3404 ah
335 3340 447 3422 Angelo
466 3350 638 3404 monstratore
657 3343 758 3403 luerat.
797 3340 835 3402 Et
854 3349 930 3402 eerla
954 3361 1077 3424 aequum
1096 3351 1154 3420 eei,
1224 3365 1243 3406 o

7 3497 8 3502 ἵ
111 3422 216 3482 eortina
235 3422 387 3482 innotuerit
398 3421 453 3482 Dei
471 3421 614 3492 voluutas,
633 3441 669 3484 eo
688 3441 741 3482 nor
760 3421 797 3482 ad
816 3420 984 3504 obsequium
1003 3423 1140 3498 aleatores
1154 3443 1185 3485 ιι
1205 3425 1242 3486 di.

111 3501 191 3582 Ergo
212 3521 301 3580 quum
321 3519 398 3561 nune
416 3501 505 3582 probe
519 3508 619 3562 'teneat
638 3501 771 3584 populus,
790 3502 885 3562 laeum
905 3499 997 3562 aDeo
1018 3501 1103 3564 luisse
1112 3501 1244 3580 electum,

7 3643 9 3664 ,
111 3580 246 3640 admouet
265 3579 408 3663 Propheta
433 3582 489 3642 iam
514 3601 571 3641 noo
591 3601 653 3642 esee
672 3581 768 3642 laeum
788 3580 924 3653 desidiae,
954 3581 1003 3642 aed
1023 3583 1130 3644 maium
1149 3585 1244 3646 studio

7 3707 8 3746 ,
54 3731 55 3734 Ἴ
111 3659 320 3741 propemodum
339 3677 416 3720 esraa
436 3661 502 3739 quia
534 3659 612 3724 Deus
631 3669 707 3722 uerte
727 3661 822 3743 quiete
840 3659 943 3737 electe,
972 3661 1138 3725 familiarius
1158 3665 1193 3724 ud
1213 3685 1244 3726 aa

112 3747 206 3800 voest.
244 3737 358 3836 Qrdbue
378 3739 481 3836 ‘verbio
510 3741 624 3801 demunt
651 3759 752 3802 eorum
782 3742 910 3802 omnium
930 3743 1091 3822 segnitiem,
1121 3745 1170 3824 qui
1190 3764 1244 3826 pro

112 3818 200 3880 modo
223 3819 401 3878 revelatrome
425 3824 510 3878 etratn
535 3822 564 3880 in
583 3821 646 3880 arlo
666 3841 724 3882 non
743 3820 905 3902 proliciunt.
945 3819 1034 3900 Quod
1053 3823 1246 3885 habdallam

7 3963 8 3982 2
112 3899 215 3980 plurali
233 3917 353 3958 numero
373 3897 427 3958 diei
446 3899 563 3972 volunt,
581 3901 649 3980 quia
668 3899 827 3981 inTamplo
847 3903 1244 3980 ereteanotnarlumiuteriaa,

113 3977 215 4038 deinde
234 3978 326 4038 medie
346 3995 420 4058 pare,
439 3983 469 4040 et
489 3981 572 4040 terlio
592 3981 710 4055 atrium,
739 3981 834 4040 nereio
854 4001 891 4040 au
911 3989 969 4040 tam
990 3988 1089 4064 argute
1108 3981 1244 4063 loquutus

114 4057 200 4117 luerit
219 4056 324 4117 l’salml
347 4064 461 4119 auotort
481 4065 652 4121 nontamen
672 4060 800 4141 repudio.
831 4059 900 4121 Plus
920 4063 1056 4122 momenti
1075 4068 1119 4122 eei
1136 4065 1165 4121 tn
1186 4065 1243 4144 epi·

114 4137 194 4196 theto
222 4137 302 4216 quod
326 4157 395 4196 mox
422 4137 548 4213 additur,
568 4158 634 4199 uam
659 4139 805 4222 Propheta
824 4141 930 4204 Areon
949 4141 1072 4202 laedaris
1091 4145 1246 4204 modalium

114 4219 172 4278 Dei
191 4233 307 4289 vocant,
325 4216 449 4278 breviter
467 4217 605 4290 ostendit,
630 4222 797 4280 immensam
817 4220 872 4282 Dei
891 4222 1042 4298 essentiam
1062 4241 1121 4282 non
1139 4223 1247 4282 includi

113 4295 298 4368 Sanetumio,
327 4297 409 4356 aienti
439 4301 526 4358 crassi
550 4296 679 4359 homines
704 4300 857 4380 lingebant.
898 4299 931 4360 Si
949 4303 1031 4364 ‘euim
1055 4307 1116 4362 tota
1135 4305 1247 4364 externi

113 4375 214 4456 templi
237 4377 369 4438 maiestas
388 4376 458 4440 nihil
478 4379 531 4440 luit
550 4395 637 4459 qoam
656 4379 811 4442 scabellum
830 4381 951 4462 pedum,
981 4379 1077 4445 fideles
1096 4382 1132 4444 ad
1151 4383 1249 4446 ooelor
