2844 4882
175 243 229 300 871
539 187 554 204 ⁸
604 208 897 278 ucanvrnrir

179 381 302 431 cessare
329 354 428 424 iecisti
456 375 567 422 omnen
588 353 703 446 impioe
729 363 839 437 terrae,
865 351 1032 452 propterea
1054 349 1153 419 dilexi
1176 347 1321 417 testimo
1372 320 1373 323 Ἴ

180 468 232 534 nia
259 475 326 531 tua.
373 461 448 529 120.
481 459 659 530 0Horruit
686 484 704 528 a
727 459 838 528 timore
866 459 911 542 tui
934 481 1006 527 caro
1028 481 1115 567 mea,
1143 465 1178 523 et
1202 479 1223 522 a
1246 455 1320 521 iudi

57 563 62 584 ⁸
179 572 234 642 ciis
256 570 319 638 tuia
340 567 440 636 timui.

258 754 323 815 113.
348 753 549 844 cognatiora
578 749 717 831 otltqooo.
757 745 816 827 Qui
846 715 967 816 nlntio
992 741 1096 842 iolont
1118 763 1185 840 capo
1209 761 1320 840 pernen

179 830 276 905 tboar,
296 836 425 902 vertunt,
451 828 615 907 cogitantes
634 829 721 890 molar
743 829 792 888 aad
812 832 915 890 rectius
934 848 987 910 pro
1007 846 1076 906 ipsu
1095 824 1321 905 cogitatrombur

180 912 317 983 sumitur,
346 909 459 989 bouqua
487 925 542 967 unu
577 910 666 1002 magis
699 913 846 1004 receptum
875 914 926 968 eat
990 909 1045 973 llo
1065 907 1184 987 proprie
1206 921 1322 963 nouum

179 989 338 1230 {titii
361 983 1322 1139 ‘tttti'lttttltttttttt'{ttitt'r‘ttct'tt

212 1151 256 1208 uia
285 1155 381 1215 autem
409 1143 525 1205 minime
556 1143 672 1206 dubium
695 1154 741 1206 eat
765 1144 905 1206 hocloco
924 1147 999 1206 aumi
1019 1147 1047 1205 io
1068 1143 1174 1204 malam
1195 1149 1323 1224 panem,

179 1228 274 1290 addidi
294 1225 439 1306 epitheton
458 1225 598 1306 obliquet,
617 1233 703 1305 atqua
722 1224 779 1286 boc
797 1225 882 1286 etiam
911 1225 1030 1306 requirit
1055 1223 1257 1302 etymologia,
1287 1221 1323 1278 ai·

178 1309 238 1369 cuti
257 1307 330 1367 rami
348 1303 456 1366 arborio
475 1304 602 1384 perplexi
622 1311 652 1364 et
670 1303 799 1386 impliciti
812 1311 1004 1366 tranaveraum
1020 1303 1159 1372 feruntur,
1180 1304 1222 1361 ita
1233 1301 1324 1360 etiam

159 1385 383 1537 'tz‘tttttt
403 1383 905 1524 fltttl⁰⁰¹¹ttttt⁰t⁸t¹¹ttt
924 1379 1324 1524 zttb‘ttizlitrttt

180 1552 317 1624 tanquam
346 1484 420 1602 raull
447 1505 560 1622 aLe'ge
579 1541 648 1602 Dei:
678 1484 810 1622 argulum
840 1483 955 1622 quirini
982 1483 1053 1616 ‚oep'
1075 1542 1127 1602 aod
1154 1540 1321 1601 infirmum.

181 1623 271 1704 Quod
294 1641 363 1703 crgo
386 1619 542 1700 simplicius
561 1628 618 1696 eat,
647 1623 771 1696 retineo,
800 1619 870 1702 Legi
889 1619 962 1696 Dei,
990 1639 1065 1716 quae
1083 1620 1144 1680 oola
1164 1626 1249 1680 rocta
1269 1623 1324 1688 est,

180 1701 288 1784 opponi
317 1706 446 1760 tortuosa
473 1699 568 1760 cordia
590 1701 707 1762 bomani
731 1699 878 1780 figmenta,
907 1709 937 1761 et
962 1699 1097 1780 quicquid
1120 1717 1157 1759 en
1178 1715 1323 1778 perverso

108 1833 112 1842 .
180 1801 267 1844 aenan
296 1777 550 1858 comminiscuntur
579 1781 668 1860 impii.
708 1778 746 1840 Et
776 1786 853 1842 certa
881 1779 1011 1861 quinquie
1035 1779 1114 1840 volet
1132 1777 1244 1857 Ιιιςαιι
1265 1775 1324 1836 Dei

182 1877 251 1920 vera
276 1857 424 1938 amplecti,
452 1855 483 1916 iu
501 1857 598 1936 primia
618 1877 732 1920 neoeeae
751 1859 805 1918 erit
824 1865 857 1918 ut
876 1861 972 1937 provio
991 1865 1022 1916 et
1040 1858 1148 1916 vitioaio
1168 1855 1323 1934 cogitatio·

168 1935 265 2001 'nibus
285 1956 316 1997 se
336 1935 455 2008 obiiool,
474 1935 533 1997 imo
553 1943 586 1998 ot
606 1955 622 1996 ι
642 1937 759 2018 proprio
778 1937 892 2015 ingenio
912 1935 1043 1996 discedat
1083 1934 1145 1996 Nisi
1163 1935 1243 1994 torte
1260 1951 1324 1992 rna·

180 2017 223 2098 gia
242 2016 364 2074 arrideat
374 2013 463 2074 altera
485 2015 661 2096 metaphora,
680 2023 713 2076 ut
732 2017 852 2082 lellU
872 2015 944 2110 altpt
963 2013 1148 2093 cogitationen
1166 2011 1322 2092 significet,
1391 2022 1392 2052 l

182 2091 1323 2252 11111ἓῆ1111ιὲξῖὲ1“1,111ι1ιῗῖ1111“3ι11“ἓῖ2

202 2255 226 2312 ie
246 2252 383 2332 rupimus:
413 2260 444 2313 et
469 2252 598 2312 docilior
622 2257 719 2314 nostra
743 2251 779 2312 ab
799 2250 957 2312 bumilitate
976 2251 1082 2332 incipit.
1121 2247 1201 2328 Quia
1222 2257 1321 2308 umen

183 2333 254 2392 baec
273 2349 390 2410 quoque
408 2333 550 2411 expositio
569 2330 657 2390 videri
675 2338 773 2412 pooaot
792 2329 905 2408 longius
924 2331 1020 2410 petita,
1040 2328 1077 2389 ab
1090 2327 1320 2410 eanupersedeo.

183 2407 315 2472 Sufficiat
333 2409 414 2469 nobie
435 2409 513 2490 quod
532 2409 601 2482 dixi,
620 2429 724 2490 nempe
743 2410 810 2490 qula
829 2407 910 2470 Deua
929 2407 1025 2473 nullm
1044 2406 1218 2488 Legisouae
1237 2407 1319 2466 disd-

205 2491 268 2550 ulos
296 2487 420 2548 admittit
443 2489 498 2548 uiai
522 2490 572 2568 qui
596 2489 680 2548 vacui
699 2497 767 2550 snut
785 2497 815 2550 et
834 2487 905 2552 bena
925 2508 980 2568 pur
999 2489 1037 2548 ati
1056 2489 1206 2548 contrariis
1226 2489 1320 2548 omni·

183 2512 237 2630 boa
256 2568 412 2648 figmentis,
442 2587 516 2706 <puae
536 2573 659 2628 mentem
679 2575 880 2650 corrumpunt,
908 2510 1081 2647 Proplretaru
1101 2567 1148 2628 bic
1168 2567 1271 2630 testari
1290 2584 1321 2624 re

183 2649 329 2786 ininpcum
347 2665 410 2786 epea
429 2667 447 2708 o
466 2647 551 2728 liquis
571 2646 804 2726 cogitationibus,
823 2666 896 2728 quaa
914 2646 1045 2710 hominen
1063 2645 1121 2708 buo
1140 2653 1170 2708 et
1188 2646 1260 2708 illuc
1281 2647 1320 2704 di·

182 2732 428 2790 ammmm

265 2806 330 2866 tlt.
350 2807 520 2866 Lotibulum
538 2828 633 2868 meum
651 2815 679 2866 ci
698 2807 822 2888 clypeata.
860 2804 970 2868 δωειιε
987 2811 1045 2882 eal,
1074 2806 1141 2888 qula
1165 2822 1320 2886 persuaaua

183 2891 245 2948 erat
264 2883 408 2962 Propheta
431 2904 489 2944 nou
512 2885 594 2946 aliter
621 2904 653 2944 aa
677 2891 770 2946 tutum
789 2905 851 2946 eaeo
869 2887 924 2947 uisi
943 2893 1083 2967 quotenus
1105 2884 1160 2946 nub
1189 2885 1243 2944 alia
1263 2884 1321 2944 Dei

184 2962 365 3028 absconditur
390 2961 508 3038 latebat,
537 2981 568 3022 ne
591 2964 653 3023 eiua
675 2967 907 3044 promistionibus
933 2965 1074 3030 conlisum
1092 2964 1164 3026 nibil
1182 2970 1320 3024 metm

184 3043 224 3104 lit
247 3047 325 3102 certo
345 3039 402 3100 boc
422 3042 543 3121 primum
563 3048 620 3116 eat,
646 3049 676 3102 ut
696 3051 822 3107 statuant
841 3044 953 3118 sudden,
972 3046 1060 3106 vitam
1080 3063 1162 3111 auam
1180 3046 1256 3104 inter
1278 3049 1321 3104 tot

186 3121 346 3208 discrimina
366 3139 424 3180 uon
444 3121 526 3181 aliter
546 3141 632 3202 qoam
652 3120 709 3183 Dei
728 3123 866 3218 praecidio
887 3124 994 3184 salvam
1014 3143 1140 3186 manere:
1161 3131 1194 3184 ut
1215 3123 1321 3184 deindo

185 3201 223 3262 od
242 3202 336 3280 ipsum
356 3199 536 3280 confugiant,
554 3207 584 3262 et
602 3201 690 3262 verbo
709 3222 770 3263 eiua
788 3203 894 3276 innixi,
922 3221 1020 3266 secure
1043 3208 1210 3286 enpocteut
1230 3221 1322 3282 quan

186 3281 317 3364 promisit
339 3279 470 3340 salutem.
510 3277 617 3342 Verum
642 3282 757 3362 quidem
776 3288 819 3342 eat
837 3281 970 3344 fiduciam
990 3281 1064 3351 bauo
1081 3303 1120 3344 en
1140 3279 1229 3342 verbo
1248 3301 1321 3342 eon·

187 3363 254 3441 cipi,
274 3359 351 3440 quod
362 3357 441 3418 Deus
461 3358 543 3420 nobis
562 3361 599 3420 sil
617 3381 670 3440 pro
690 3362 771 3440 asylo
791 3367 821 3422 et
840 3363 866 3422 cl
907 3381 956 3422 eo:
977 3361 1026 3424 acal
1045 3361 1116 3423 baec
1135 3367 1237 3422 mutua
1250 3381 1320 3422 cau·

186 3439 294 3500 iunctio
314 3437 433 3500 tenendo
453 3445 506 3514 est,
547 3439 603 3500 uod
623 3439 671 3500 ubi
692 3459 730 3502 ex
748 3439 836 3502 verbo
877 3383 1003 3502 ilicimuo
1023 3448 1117 3502 tutum
1136 3442 1166 3502 iu
1179 3438 1247 3502 Deo
1264 3459 1322 3502 no·

186 3519 231 3582 bia
255 3517 403 3578 latibulum
422 3536 499 3592 esee,
567 3539 602 3579 nc
620 3519 779 3581 doctrinam
798 3521 828 3581 io
847 3521 1071 3580 animiamostria
1090 3519 1180 3582 lovari
1200 3527 1230 3582 et
1250 3539 1323 3582 ooo·

185 3597 310 3672 firmari,
328 3595 397 3656 dum
421 3599 558 3658 sentimus
577 3617 663 3678 quam
682 3600 838 3660 neccesaria
854 3601 893 3660 ait
911 3599 993 3660 nobie
1012 3598 1068 3660 Dei
1088 3599 1223 3661 domnio.
1264 3597 1322 3659 Ce-

186 3684 290 3751 terum,
309 3675 438 3756 quamvis
457 3678 519 3737 eiua
538 3679 666 3758 potentia
684 3678 715 3740 io
734 3697 814 3760 apem
833 3678 931 3740 aulatis
951 3679 1063 3742 abunde
1082 3679 1164 3740 nobie
1183 3678 1323 3740 sulficere

77 3755 81 3785 ¹
187 3755 302 3829 debeat,
330 3774 443 3836 semper
464 3763 560 3816 tamen
584 3755 703 3818 verbum
721 3759 752 3818 in
771 3755 864 3819 medio
884 3763 1009 3821 statuere
1028 3761 1174 3836 convenit,
1203 3777 1242 3820 uo
1260 3765 1322 3820 lar·

187 3837 272 3898 dante
290 3833 351 3894 eino
370 3835 486 3900 anxilio.
504 3834 574 3896 iidca
593 3835 731 3900 concidat.

267 3915 335 3976 115.
354 3914 508 3976 Decitooto
536 3937 557 3974 o
579 3938 633 3975 me.
672 3914 758 3977 Hune
786 3915 902 3997 quiden
926 3937 1041 3981 verrom
1060 3917 1191 3980 concubi
1209 3919 1251 3980 ita
1269 3937 1322 3979 ex·

227 3999 301 4056 nunt
325 3991 383 4052 aeai
406 3995 570 4072 pronuntiet
588 3992 684 4054 David
704 3996 824 4058 alacrius
843 4013 878 4060 ac
897 3999 1004 4060 maiore
1022 3999 1117 4060 alodio
1137 3998 1199 4060 lore
1218 4017 1251 4058 ne
1269 3997 1324 4058 ‹le-

151 4084 158 4104 *
187 4013 280 4134 bllum
302 4071 459 4166 nervaprlaa
483 4069 565 4152 Legi,
589 4069 639 4133 ubi
661 4073 697 4134 ab
716 4075 780 4170 ipao
800 4095 878 4158 oppu
898 4073 991 4138 nando
1011 4077 1133 4158 improbi
1151 4077 1322 4140 destiterint.

145 4230 148 4238 Ι
187 4149 225 4212 lit
245 4156 322 4214 certe
341 4149 391 4212 obn
401 4147 497 4210 Deum
515 4150 652 4212 aeubmue
670 4153 753 4214 uobis
772 4155 859 4216 foisse
878 4098 1068 4232 bberutorem,
1087 4157 1241 4238 plusquam
1260 4163 1323 4216 atn-

208 4229 246 4289 idi
276 4247 375 4290 eumue
403 4229 458 4289 uiri
487 4229 588 4290 notifia
613 4229 685 4293 baec
703 4233 831 4298 etodium
850 4235 910 4294 εἰιιιι
929 4234 1041 4296 colendi
1060 4237 1091 4295 iu
1109 4236 1192 4296 nobie
1210 4237 1322 4296 incitet.

186 4253 249 4370 loo
273 4307 350 4370 euim
375 4325 428 4385 pro
453 4325 538 4368 remu
562 4308 609 4372 vel
632 4311 830 4393 experimento
854 4314 962 4395 gmtioe
981 4311 1039 4376 Dei
1058 4323 1168 4378 norat
1186 4315 1217 4378 iu
1235 4315 1325 4386 uobia
