2816 4880
87 1655 90 1662 ,
180 1614 342 1676 racadu

178 293 240 374 514¹
605 315 891 367 eommunis

179 440 217 512 iu
234 435 414 506 forh'bsdine
434 435 508 526 equi
531 433 663 526 plspehit
684 433 729 520 ei,
756 433 862 524 nequd
882 435 916 504 iu
938 431 1079 502 amahus
1100 429 1159 511 viri
1181 430 1315 502 obteam

179 545 273 611 bitur.
300 533 369 609 ll.
392 539 574 646 oblectatur
594 537 715 609 lehovd'
739 541 772 606 in
799 539 837 606 iis
869 539 925 631 qui
957 538 1064 630 ipsum
1095 539 1225 620 timent,
1258 539 1314 628 qui

179 657 305 740 sperant
326 647 359 714 iu
381 645 544 716 clementia
567 646 643 716 eius.
750 655 752 660 '

256 821 285 884 7.
307 821 411 880 Cuntts
428 819 562 878 Istasos.
589 765 699 884 ¹lterum
717 817 848 880 hortatur
868 815 905 878 ad
924 813 1062 878 uouendas
1082 809 1139 876 Dei
1159 813 1266 888 laudes,
1284 821 1316 874 et

179 897 265 963 simul
294 895 429 961 udm‘onet
456 897 574 961 minime
600 897 696 958 deesse
715 898 875 960 materiatus
906 898 972 977 quia
991 901 1068 956 nova
1088 895 1208 956 subinde
1228 894 1313 955 dosu-

185 985 285 1040 mentu
298 977 535 1118 potentiaeeins,
553 975 697 1049 bonitatis,
715 985 747 1042 et
754 977 908 1060 sapientiae
918 995 948 1036 e
958 974 1047 1055 oeulis
1057 977 1162 1034 nostris
1173 977 1310 1054 ingerunt.

180 1059 277 1120 Primo
317 1057 364 1120 trit
382 1065 497 1136 operire
515 1059 759 1133 cortorulum,
779 1056 1001 1138 quaesuntuliu.
1013 1054 1231 1136 expergefacere
1252 1073 1311 1112 sen·

159 1159 229 1204 ‘sare
248 1144 362 1198 nostros
382 1135 480 1210 debet,
503 1138 557 1201 uisi
576 1139 695 1198 nimium
714 1135 820 1220 stupidi
839 1155 974 1196 essemus.
1014 1131 1100 1194 Certe
1120 1141 1267 1214 uteunque
1285 1135 1315 1191 iu
1396 1125 1397 1146 ¹

180 1217 261 1280 eoelu
286 1215 413 1296 fulgeant
430 1215 577 1276 innumera
598 1213 653 1276 Dei
673 1201 822 1290 miracula,
847 1217 871 1280 si
889 1222 985 1274 tamen
1004 1213 1103 1274 eadem
1122 1232 1235 1294 semper
1255 1229 1314 1270 ma-

179 1303 260 1364 neret
284 1296 433 1370 serenitas,
462 1314 521 1356 nun
539 1302 603 1358 hm
619 1298 770 1436 conspicua
790 1296 864 1360 esset
884 1295 945 1354 eihs
965 1293 1069 1368 virtus,
1094 1297 1181 1374 quarn
1201 1289 1251 1354 ubi
1270 1310 1316 1350 re-

180 1383 265 1460 penta
294 1375 407 1438 eoelum
436 1373 603 1436 obnubilans
628 1375 680 1435 sub
702 1376 759 1438 uuit
777 1373 856 1436 Solis
876 1374 1029 1453 fulgurem,
1057 1377 1087 1433 et
1106 1371 1186 1454 quasi
1206 1371 1317 1430 mundo

180 1475 287 1520 novam
311 1455 412 1518 faeiem
435 1453 535 1516 induit.
574 1453 677 1515 Postea
697 1455 845 1528 admonet,
860 1452 932 1517 *hoe
951 1451 1038 1512 modo
1058 1452 1168 1512 eunetis
1187 1451 1315 1510 animali·

152 1588 154 1596 ,
180 1536 236 1602 bus
260 1555 326 1596 eum
344 1534 520 1674 prospicere:
544 1535 611 1614 quis
632 1535 744 1599 et'iude
764 1533 868 1594 herbae
887 1534 1060 1614 germinant,
1090 1537 1120 1590 et
1138 1547 1237 1589 suenus
1257 1537 1314 1588 ter·

363 1621 481 1676 ertatem
508 1615 678 1696 suggeritur.
718 1614 761 1676 Ita
791 1631 857 1676 eum
882 1611 1025 1692 potentiae
1044 1619 1113 1669 sune
1133 1609 1315 1681 documento,

179 1694 488 1852 ttlhtttttt
502 1691 1318 1847 titaffittltttttattt‘tuhttttttfft

182 1853 332 1933 negligere.
373 1851 470 1931 Atque
489 1851 544 1914 hoe
564 1852 666 1914 notetu'
684 1814 812 1935 apprime
833 1792 958 1932 dignunl1
970 1857 1031 1924 ost,
1053 1869 1112 1908 nou
1131 1845 1233 1906 endere
1252 1846 1318 1932 pln-

180 1934 245 1994 vias
290 1938 381 1994 uttam
405 1931 543 1992 inferrus
562 1933 615 1992 nisi
635 1931 748 1993 iubente
768 1930 842 1992 Deo.
883 1929 1034 1990 inveniunt
1053 1927 1169 2008 quidem
1189 1925 1317 1986 Philoso-

179 2011 231 2092 phi
259 2012 373 2107 punias
394 2009 541 2105 'originem
569 2011 601 2072 iu
624 2011 785 2086 elementis,
814 2029 908 2092 usque
932 2028 1002 2068 vero
1028 2004 1190 2104 negandum
1216 2011 1317 2066 estex

180 2089 459 2243 ltthttttlt
477 2089 933 2250 tlttltttltttttlltt
951 2085 1312 2246 tllhttttstlrtt

180 2255 275 2310 terrae
293 2268 327 2307 su
368 2249 455 2310 editet
474 2249 621 2330 gignendis
640 2248 768 2330 frugibus
787 2249 984 2312 necessarium.
1007 2245 1139 2324 Denique
1148 2246 1224 2303 sieut
1240 2249 1313 2303 terra

185 2327 280 2390 calore
299 2327 316 2384 d
355 2327 459 2396 bueus,
488 2327 701 2404 quodammodo
721 2329 797 2387 sitim
817 2344 898 2386 auum
918 2327 967 2384 o're
987 2343 1002 2384 s
1025 2331 1087 2383 erto
1108 2323 1246 2382 declarat:
1274 2325 1316 2380 sie

179 2408 266 2468 stiam
290 2402 414 2464 vicissim
434 2400 515 2466 Deus
539 2407 678 2485 pluendo,
703 2412 803 2486 potum
818 2403 954 2470 distillat.
995 2345 1095 2464 tlusso
1119 2402 1234 2482 quidem
1255 2399 1318 2459 aliis

183 2484 304 2546 oseultis
334 2483 427 2544 modis
455 2479 524 2546 dare
553 2486 679 2564 vigorem
699 2505 735 2546 ne
757 2483 906 2550 deficeret:¹
933 2483 982 2542 sed
1002 2482 1128 2562 irrigatio
1147 2482 1229 2562 quasi
1248 2497 1317 2540 oeu-

162 2563 240 2626 'lare
260 2563 452 2643 spectaculum
471 2569 516 2624 est
535 2567 684 2628 continuae
704 2585 791 2646 quam
812 2565 850 2624 de
867 2561 948 2623 nubis
967 2564 1052 2642 gerit,
1073 2579 1168 2622 curae.

260 2645 288 2706 9.
310 2647 370 2717 Qua·
399 2643 451 2704 dut
480 2651 619 2705 iumento.
659 2643 770 2708 Clarius
800 2645 895 2723 specie
931 2661 986 2702 uua
1017 2642 1163 2724 proposita
1190 2657 1225 2697 ex
1246 2637 1312 2696 licat

180 2720 259 2803 quod
280 2720 366 2791 dixit,
394 2719 490 2782 Deum
511 2723 617 2806 seilicet
636 2725 743 2787 vietum
762 2724 873 2784 eunetis
892 2721 1058 2781 animalibus
1079 2733 1182 2778 curare.
1221 2659 1309 2799 guod

180 2809 277 2885 antem
298 2801 424 2862 iumenta
453 2801 550 2880 potius
579 2809 609 2864 et
638 2823 740 2864 corvos
768 2823 856 2884 quam
885 2800 1014 2862 homiues
1044 2796 1121 2880 pasci
1144 2795 1227 2872 dicit,
1253 2795 1311 2854 hoe

179 2879 217 2942 ad
241 2879 490 2960 umplilientiouem
509 2881 595 2944 valet.
635 2881 753 2942 Certum
773 2881 888 2962 quidem
907 2887 964 2955 est,
985 2880 1108 2940 bominis
1127 2895 1210 2938 eausa
1228 2895 1307 2936 mnn-

180 2959 249 3024 dum
269 2979 331 3020 esse
351 2965 487 3033 creatum,
508 2981 617 3041 suaque
636 2961 780 3024 fertilitate
799 2968 828 3023 st
848 2961 930 3042 cupio
951 2951 1111 3020 ornaria‘et
1130 2977 1188 3038 quo
1218 2958 1310 3038 rupina

180 3037 216 3102 ad
238 3037 332 3101 Deum
353 3037 521 3112 assedimus,
541 3059 577 3099 eo
597 3042 685 3122 magis
705 3061 786 3100 suurn
805 3059 872 3120 erga
893 3059 945 3098 noa
960 3037 1176 3100 beneficentiam
1185 2977 1312 3098 ilustrat.

180 3115 290 3182 Verum
313 3117 337 3178 si
361 3117 398 3176 ad
424 3115 506 3188 bruta
530 3139 646 3200 quoque
670 3121 801 3182 animalia
821 3117 975 3184 extendere
994 3139 1053 3182 nou
1092 3125 1223 3192 rasator,
1252 3114 1317 3174 hine

180 3195 264 3258 facile
288 3194 378 3278 liquet
403 3195 485 3260 uobis
509 3217 577 3258 vere
597 3205 705 3280 patrum
725 3219 787 3262 esse
806 3219 840 3261 ae
859 3199 1014 3260 nutritium.
1054 3196 1068 3257 l
1105 3217 1248 3258 ocor-oua
1267 3213 1318 3253 no·

180 3278 270 3350 minat
297 3277 572 3356 contemptissimum
602 3279 698 3340 avium
718 3300 820 3362 genus,
849 3285 882 3340 nt
901 3278 1016 3352 doceat,
1045 3277 1101 3338 Dei
1121 3262 1319 3338 liberalitatem

179 3362 329 3436 penetrare
353 3353 389 3416 ud
418 3376 518 3422 omnes
548 3359 647 3422 muudi
671 3366 776 3440 partes.
816 3355 904 3438 Quod
929 3365 1026 3420 nutem
1040 3359 1141 3440 pullos
1160 3377 1320 3415 somonam

180 3438 253 3498 dicit
277 3437 407 3498 clamore
425 3437 468 3500 ud
485 3429 596 3512 Dauo,
620 3459 678 3500 non
700 3438 816 3502 dublum
835 3437 950 3522 quidem
969 3444 1013 3500 est
1033 3439 1102 3520 quin
1122 3437 1159 3496 ad
1178 3436 1319 3496 eremium

179 3513 300 3584 alludat.
339 3515 449 3578 luteres
469 3518 565 3578 tamen
584 3518 724 3580 admouet,
737 3519 818 3578 lateri
838 3537 919 3578 suam
939 3523 1091 3598 egestatem
1111 3517 1163 3576 nisi
1176 3514 1319 3574 Dominus

11 3681 12 3688 ἵ
114 3655 127 3668 ,
181 3593 301 3658 ecoelo
330 3595 465 3670 alimento
494 3598 627 3678 porrigat.
674 3595 747 3658 Nam
764 3598 856 3678 ,quod
881 3596 1043 3658 fabulantur
1067 3595 1162 3655 ludaei
1188 3593 1278 3656 deseri
1299 3611 1320 3651 a

179 3674 304 3812 apullia
317 3693 391 3812 l:nau
410 3693 514 3816 eorpus
533 3677 618 3738 simul
637 3677 798 3816 uudexelplsi
817 3685 893 3752 sunt,
913 3683 943 3736 et
963 3695 1073 3816 verrmes
1093 3676 1172 3735 nasei
1191 3674 1320 3812 ineorlt'i·

179 3772 422 3971 irfsilpl'lli
440 3772 739 3914 totttttttt
751 3777 813 3895 ali
830 3761 1126 3896 {tttttrttttt
1139 3770 1322 3913 ,ttttts

179 3911 249 3992 quid
269 3931 314 3971 am
336 3915 432 3991 ignum
453 3916 585 3976 occurrit.
653 3915 714 3976 obis
733 3923 828 3976 autem
849 3915 905 3976 hoe
924 3915 1060 3990 sufficiat,
1083 3921 1177 3975 totum
1194 3917 1321 3971 naturae

182 3991 312 4066 ordinem
341 3995 384 4052 sie
412 3995 562 4073 temperari
592 3993 695 4056 nDeo
724 4002 813 4054 utne
833 3996 918 4076 pullis
938 3995 1052 4076 quidem
1071 4011 1224 4055 sorvorum
1242 3990 1322 4051 desit

181 4069 277 4145 ethus,
306 4071 356 4150 qui
380 4074 543 4134 eroeitando
564 4074 689 4136 fatentur
707 4094 738 4134 se
757 4093 820 4136 esse
839 4075 998 4149 famelioos,
1027 4094 1086 4142 nee,
1101 4073 1155 4135 sibi
1173 4089 1235 4150 esse
1253 4071 1321 4131 inu-

182 4152 245 4230 piae
266 4150 421 4212 remedium
440 4154 493 4213 nisi
515 4153 593 4214 Deus
613 4161 769 4216 rucunrrat.
874 4207 876 4210 .
1198 4190 1201 4202 ι

259 4232 308 4290 10.
329 4231 403 4291 Nou
431 4239 464 4292 tar
490 4235 677 4318 fortitudipe.
723 4231 879 4314 Postquam
909 4233 1007 4294 docuit
1031 4231 1176 4312 Propheta
1207 4227 1321 4290 nubam
1396 4279 1397 4282 ,

182 4309 282 4367 mundi
312 4315 422 4389 partern
444 4330 562 4372 vacuam
582 4333 644 4372 esse
664 4312 846 4374 beneficentia
867 4312 936 4384 net,
963 4316 1130 4374 nominatim
1150 4311 1324 4391 pronuntiat

180 4383 276 4448 nullan
296 4379 448 4470 suppete're
469 4387 735 4471 vires'hominibns,
754 4395 808 4455 nisi
827 4413 899 4474 quas
918 4412 935 4454 e
954 4393 1036 4490 coelo
1055 4395 1117 4474 ipse
1134 4393 1210 4452 idem
1229 4391 1319 4468 inspi-
