2884 4886
506 291 551 330 ι-ιι
579 243 745 338 irrisu,
764 286 825 326 cxr.
1173 285 1250 346 '389

103 429 142 484 s‘ar
161 425 430 483 misteriorum,
460 413 526 492 quia
551 414 579 470 in
601 368 678 468 lione
696 409 821 466 maxime
842 405 927 466 tinem
946 405 1071 486 ognmrm
1090 411 1168 468 sacri
1182 428 1249 470 con-

107 506 227 574 ventus,
256 503 291 558 ut
311 493 376 556 Deo
406 492 520 554 lau'dom
549 488 707 550 sacrificent
721 487 772 546 *sui
792 485 931 561 cultores,
950 487 1035 546 sicuti
1055 484 1132 549 Psat.
1152 490 1191 552 65
1221 495 1249 552 1.
1301 481 1304 496 ’

105 577 225 652 dicitur,
244 575 287 638 Te
307 579 456 655 exspectat
475 571 581 631 lehovn
600 569 663 627 laus
682 567 712 626 in
732 565 814 627 Sion.
1011 609 1013 614 ,
1192 531 1202 564 ²

190 663 219 719 2.
238 660 366 738 Magno
395 675 487 734 opero
515 653 650 710 Ielrooue.
690 643 953 706 Nuncxmateriam
982 643 1115 706 laudandi
1139 639 1194 706 Dei
1220 648 1249 710 in

64 825 72 832 .
105 739 171 802 eius
197 736 332 818 operibus
351 729 775 872 wipeiffie‘ffffi'flffii:
792 725 1093 866 {gmgtpiclgeoerolitpr
1112 728 1250 821 nondum,

104 824 302 977 ῗοὲᾗίιιιὲἓω
323 830 457 952 &leriam
487 890 555 970 quia
588 829 754 966 igrsagnitudo
786 881 857 943 haec
887 813 1250 1022 szsrtpplgsseierpetpppssp:

106 977 307 1073 cognoscitur,
331 972 419 1068 vulgo
439 963 811 1064 autemeug'itnnporlalium
832 981 903 1023 occu
915 983 962 1037 os,
981 965 1042 1058 eins
1061 965 1250 1059 ignorantiam

105 1047 790 1221 tt}tradititiis:litttltttttti
805 1039 1141 1216 itttlt'?nttt÷t‚⁸⁰t
1155 1051 1249 1184 iiiii

106 1209 492 1356 attitulasti
507 1203 1249 1364 antitististitttnttttltt‘ttdi

139 1379 192 1442 ΙΠ
217 1371 426 1453 beneplacitum
446 1364 583 1428 Hebraeis
607 1361 756 1442 significat.
796 1359 856 1420 seo
876 1361 943 1441 quia
962 1379 1062 1421 sensus
1082 1361 1130 1420 ille
1150 1361 1248 1422 dririiir

109 1463 166 1529 est,
185 1455 294 1517 metius
314 1451 433 1516 ultim
459 1445 597 1506 adiective
621 1448 750 1502 sumetur
769 1458 824 1520 pro
843 1439 978 1500 studiosis
997 1441 1043 1500 vel
1064 1439 1247 1502 desideranti·

108 1535 176 1596 bns.
214 1531 305 1612 Quod
327 1531 365 1592 ad
384 1526 563 1609 participium
581 1523 738 1602 explorato
757 1525 880 1599 spectat,
904 1539 979 1600 quau
1002 1538 1068 1580 uam
1087 1520 1249 1590 w't'tlle-

108 1614 204 1676 bracis
233 1612 349 1694 proprie
377 1606 627 1684 etinvestigare,
655 1600 703 1660 hic
727 1606 823 1693 tamen
848 1617 935 1694 opera
959 1540 1082 1660 tdrovue
1107 1607 1276 1663 vocantur*

110 1698 257 1766 nawwt
297 1689 359 1752 nasi
378 1690 527 1770 perspecta
546 1681 593 1744 vel
613 1672 773 1761 comperia3
796 1685 882 1740 ercotr
897 1677 1007 1740 dmoiae
1026 1680 1075 1752 65,
1096 1680 1126 1742 1.
1148 1677 1249 1740 loven·

109 1779 160 1836 tus
178 1793 245 1836 ‘snm
264 1713 300 1834 ai
318 1773 353 1831 iis
372 1769 423 1850 qui
442 1785 489 1829 me
507 1781 567 1824 non
586 1759 767 1842 quaerebant.
788 1756 881 1832 Nune,
901 1739 988 1818 ut'ad
999 1754 1160 1840 Prophetae
1169 1779 1246 1820 nien·
1338 1807 1345 1821 ι
1426 1733 1427 1750 ¹

25 1877 34 1886 ·
110 1861 173 1916 iem
191 1859 328 1926 revertar,
369 1845 518 1928 uiavpauci
539 1841 576 1902 ad
595 1839 753 1920 reputanda
772 1836 828 1898 Dei
849 1855 935 1918 opera
955 1837 1080 1898 studium
1099 1857 1184 1899 suum
1198 1857 1250 1920 ap-

146 1935 236 2006 ‘eant‚
264 1931 332 1992 hinc
347 1869 417 1990 ieri
443 1927 527 2000 docel
545 1920 689 2001 Propheta
713 1924 747 1978 ut
770 1919 862 1978 maior
881 1935 947 1996 pars
967 1918 997 1976 in
1016 1917 1080 1976 luce
1099 1921 1247 1980 caecutiat.

140 2033 189 2072 am
208 2031 299 2092 quum
317 2005 512 2070 excellentiam
532 2019 653 2081 operum
673 1993 728 2058 Dei
748 2002 846 2056 notam
864 2015 937 2064 esse,
947 1995 1015 2060 dicit
1034 1997 1165 2056 omnibus
1185 2015 1249 2058 enm

113 2091 305 2172 cupientibus,
323 2089 418 2148 nullos
437 2087 499 2145 eius
518 2082 632 2162 ignaros
652 2096 713 2138 esse
733 2075 865 2154 intelligit
884 2075 938 2146 nisi
958 2075 1008 2153 qni
1028 2074 1127 2135 oculos
1147 2081 1249 2154 sponte

115 2171 263 2246 maurium,
283 2171 341 2230 imo
361 2166 487 2244 maligno
507 2163 674 2239 contemptu
693 2155 834 2216 suffocant
853 2152 978 2214 oblatam
998 2152 1099 2214 laeena.
1140 2152 1248 2216 Tenen·
1284 2213 1288 2222 ,

114 2252 171 2314 dus
199 2257 243 2310 est
271 2255 366 2310 tamen
390 2241 591 2320 intelligentiae
614 2235 733 2308 modus,
764 2234 831 2322 quia
850 2234 956 2292 scimus
975 2233 1114 2294 tardiores
1134 2253 1196 2294 esse
1215 2253 1249 2293 ac

115 2331 206 2412 magis
226 2327 329 2390 debiles
346 2325 475 2386 fidelium
495 2325 605 2380 mentes
646 2313 761 2374 uamdio
780 2313 810 2374 iu
829 2319 903 2372 terra
919 2313 1141 2392 peregrinantur,
1161 2333 1249 2394 quam

116 2419 152 2474 ut
176 2411 211 2470 ad
236 2425 368 2470 arcanam
393 2420 513 2484 opernm
538 2397 596 2458 Dei
619 2339 795 2457 damonem
820 2396 977 2473 penetrent.
1015 2391 1080 2452 Sed
1104 2399 1250 2471 utcunque

111 2472 1251 2638 eraserintwastiniensis„riteriitenneit

14 2675 16 2682 ’
90 2637 97 2650 ’
139 2673 193 2714 uae
215 2649 252 2710 ad
271 2646 368 2707 Deum
387 2639 603 2722 glorificandum
622 2595 753 2696 sufficim-
772 2631 896 2694 Tantum
915 2649 933 2690 a
952 2632 1109 2692 reverentia
1128 2631 1251 2710 incipere

113 2675 271 2801 dommus,
289 2734 322 2788 ut
341 2723 424 2784 nobis
442 2722 553 2801 sapiant
573 2734 660 2798 opera
680 2711 746 2786 Dei,
766 2729 839 2792 quae
858 2711 936 2790 apud
955 2729 986 2772 re
1007 2709 1092 2770 robus
1112 2711 1250 2772 remorato

112 2813 228 2874 fastidio
252 2809 400 2868 vilescunt.
431 2799 518 2880 ‘Quia
537 2797 663 2858 Graecus
687 2794 824 2872 interpres
844 2792 947 2862 vertit,
972 2731 1120 2870 Epaquiaita
1140 2793 1170 2850 iu
1190 2810 1250 2850 om

64 2953 76 2962 ,
112 2914 168 2955 nes
187 2891 350 2956 noluntates
369 2885 441 2944 eins:
462 2879 640 2958 Augustinus
660 2879 759 2952 argute
776 2869 1002 2950 philosophatur,
1043 2870 1168 2930 uomodo
1187 2869 1251 2949 plu·

113 2991 162 3034 res
185 2973 243 3031 sint
261 2968 318 3028 Dei
341 2963 502 3024 voluntates
528 2959 574 3017 vel
600 2955 700 3014 saltem
719 2950 802 3012 nobis
822 2956 985 3031 appareant.
1022 2889 1052 3010 i

113 3055 181 3113 dem
201 3049 330 3110 doctrina
350 3049 402 3116 est,
421 3039 553 3120 quamvis
572 3037 601 3096 iu
621 3033 697 3112 Lege
717 3049 797 3090 suam
818 3033 995 3092 voluntatem
1016 3029 1176 3088 manifestet
1223 3047 1250 3090 o

115 3153 166 3206 ns,
185 3149 248 3192 esse
267 3134 362 3188 tamen
382 3136 516 3182 arcanum
537 3115 612 3176 aliud
632 3111 797 3182 consilium,
826 3108 1068 3188 quomirabiliter
1087 3125 1177 3189 genus
1197 3106 1249 3168 hu.

116 3229 234 3274 manem
254 3205 404 3288 gubernat:
425 3201 473 3262 sed
494 3196 564 3257 nihil
583 3193 619 3254 ad
630 3198 815 3332 praesentem
830 3189 933 3272 locum.

102 3310 114 3316 ·
195 3294 223 3352 3.
243 3283 432 3349 Poterituelo.
471 3279 530 3339 Alii
548 3273 627 3357 splen
649 3275 876 3340 oremrertunt'
900 3267 1020 3328 Summa
1041 3272 1095 3342 sat,
1135 3266 1251 3346 nicquid

116 3373 177 3453 agit
196 3369 287 3442 Deus,
306 3367 422 3446 plenum
452 3377 514 3418 esse
543 3351 692 3434 magnifica
721 3349 863 3430 dignitate.
903 3345 969 3406 Hoc
993 3352 1088 3406 autem
1112 3287 1199 3408 decus
1218 3351 1254 3418 nt

115 3449 335 3533 pulcritudinem
361 3437 487 3502 secundo
513 3435 641 3498 membro
665 3430 769 3492 elarius
789 3427 900 3488 delinit:
926 3427 993 3506 qnia
1014 3423 1120 3504 ubique
1140 3425 1251 3502 conspr.

116 3549 173 3592 ena
198 3534 242 3590 esi
261 3525 320 3586 nes
335 3521 452 3584 iustitia.
491 3515 593 3596 Neque
612 3513 688 3573 enim
708 3508 851 3591 potentiae
870 3497 965 3569 s'olum
984 3511 1013 3566 et
1032 3503 1143 3584 imperii
1163 3505 1253 3582 speci-

115 3629 184 3673 men
197 3614 311 3670 exstare
325 3603 389 3664 volt
398 3601 478 3662 Deos
493 3597 523 3658 in
538 3595 596 3656 auis
607 3589 748 3674 operibus,
764 3585 842 3670 quod
851 3592 932 3647 metu
949 3582 1115 3665 percelleret
1125 3582 1253 3643 omnium

115 3692 241 3754 animos:
252 3686 301 3748 sed
310 3683 445 3760 iustitiam
455 3674 639 3758 spectandam
650 3669 772 3744 exhibet,
784 3685 857 3748 quae
868 3684 919 3734 sna
928 3662 1253 3726 dnlcedinenosallioiat.

116 3741 1251 3851 Oppouitorautemelogiumlsocobsneperisimpiorumcalumniis,quibnsglo·

114 3854 187 3911 riam
197 3841 387 3927 operunrDei‚
397 3844 537 3919 qnantum
547 3836 681 3906 insessi,
693 3830 827 3890 scelerate
838 3827 1005 3890 deformant.
1017 3823 1156 3884 Proximo
1168 3839 1252 3880 versu
1351 3883 1357 3897 .

1053 2969 1069 3007 c
1090 2949 1185 3008 utilia
1209 2950 1251 3007 ui·
1364 2956 1375 2986 ι

116 3929 254 3990 nouacula
263 3921 421 4004 specialiter
437 3913 625 3987 commendat,
635 3909 736 3992 quibus
746 3911 880 3969 virtutem
890 3925 970 3966 uam
981 3900 1251 3966 Dansmuximeex·
1370 3943 1376 3950 .

116 4011 214 4070 sensit
232 4011 345 4067 Furere
354 4008 452 4066 autem
462 4003 633 4059 memorium
642 3991 806 4054 mirabilius
816 3995 888 4062 suia,
898 3984 1066 4048 tantundem
1078 3981 1153 4044 valet
1165 3997 1254 4038 acres

117 4093 281 4150 memoratu
307 4084 407 4163 dignas
426 4077 521 4146 edere,
540 4072 585 4134 vel
608 4090 727 4152 quarum
748 4070 824 4130 lama
849 4084 994 4146 nunqnam
1015 4065 1143 4122 intereat.
1163 4057 1254 4118 Sicuti

90 4176 213 4236 ,autom
233 4184 325 4246 nuper
343 4161 381 4222 ad
399 4154 587 4239 reputandam
606 4153 742 4212 iustitiam
761 4167 814 4208 uos
834 4147 964 4208 hortatus
983 4149 1040 4215 est,
1054 4141 1104 4200 vita
1123 4157 1201 4198 nuuc
1221 4138 1251 4196 io

115 4245 259 4308 musculis
284 4241 436 4325 praecipue
456 4235 576 4318 gratiam
595 4237 625 4292 et
644 4227 863 4292 misericordiam
880 4223 1019 4286 'celebrate
1044 4217 1132 4298 idque
1151 4217 1251 4278 codem

115 4327 175 4388 lere
199 4344 300 4400 sensu,
329 4321 397 4402 quia
422 4315 563 4378 exiente
587 4310 709 4396 gratuiti,
725 4309 830 4370 amoris
855 4309 953 4368 manat
970 4301 1077 4364 iustitia
1095 4296 1145 4358 illa
1164 4315 1251 4378 quem

115 4407 144 4466 in
164 4408 223 4467 suis
243 4396 443 4468 conservandis
463 4391 594 4457 ostendit.

140 4503 245 4546 estana·
259 4505 281 4544 su
295 4501 375 4544 rrum.
387 4499 449 4540 run.
464 4496 494 4537 ιι.
898 4465 936 4526 19
