2884 4886
201 308 255 369 ³5⁴
321 311 325 319 ·
399 271 401 278 ’
587 297 947 376 questurus.

138 471 149 482 -
203 444 256 502 tus
279 446 332 524 me
360 422 511 518 oblecto.'
538 422 591 488 71.
613 429 644 497 th
670 417 800 487 Bonum
826 415 1019 510 mihi-quod
1046 415 1179 486 sillictus
1208 437 1299 485 sum
1323 425 1366 484 ut

206 535 323 604 discum
350 529 449 599 edicte
476 537 539 596 tuo.
585 527 638 596 72.
659 533 690 597 h
715 523 846 596 Bonum
874 523 950 592 mihi
976 521 1047 594 Lex
1075 523 1138 593 orit
1166 523 1217 591 tui
1245 543 1364 628 super

204 639 299 710 millis
322 636 389 706 euri
409 633 590 727 et·srgenli.
769 631 782 650 ‘
1276 636 1280 644 '

284 821 331 883 65.
351 821 490 899 Benigne
497 816 614 898 fecisti.
653 813 700 877 Ad
719 811 839 876 verbum
858 818 911 887 est,
931 811 1044 874 Bonum
1064 809 1170 872 lecistis
1191 809 1282 890 quod
1303 827 1360 890 ge-

205 900 337 966 neraliter
356 895 472 979 quidum
492 897 633 975 occipiunt
652 895 734 974 qussi
752 900 874 955 testetur
888 891 1032 972 Propbcts
1051 910 1082 951 se
1102 889 1170 951 boni
1189 887 1361 950 consulere

228 978 464 1055 nomodocunqne
493 973 594 1034 eDeo
613 980 762 1034 tracteturr
792 974 859 1068 quio
878 973 973 1033 videet
990 973 1020 1030 in
1045 969 1167 1034 sulutem
1191 987 1284 1029 susm
1307 987 1358 1028 ω-

226 1079 282 1128 ere.
322 1055 430 1116 Verum
456 1055 523 1134 quir
543 1051 645 1114 diserte
661 1053 708 1114 ‚fir
720 1059 828 1112 mentro
847 1051 1051 1132 promissionis,
1070 1049 1129 1132 port
1148 1047 1252 1110 dubito
1271 1050 1358 1132 'quin

129 1133 136 1196 ⁸.
207 1138 264 1199 Dei
288 1135 372 1196 lidem
397 1135 427 1194 in
453 1133 621 1214 pruestnnds
645 1151 732 1214 quum
756 1127 899 1213 pollicitus
922 1136 967 1192 est
992 1131 1092 1210 gratis,
1120 1128 1262 1188 celebret:
1290 1129 1358 1188 acsi

207 1219 292 1287 dicut,
310 1211 417 1294 reipsa
436 1212 483 1272 vel
501 1213 605 1274 effectu
624 1205 824 1292 secrpertu‘m
843 1229 906 1271 esse
925 1227 1055 1270 vernoun
1075 1227 1138 1268 esse
1157 1206 1271 1282 Deum,
1295 1225 1356 1266 nec

207 1295 302 1357 verbis
322 1294 427 1354 lactere
450 1311 549 1353 servos
575 1311 651 1352 suos.
690 1289 800 1352 sursit
823 1291 908 1372 lgibrr
926 1287 982 1350 Dei
1008 1289 1209 1369 promissiones
1228 1287 1263 1346 in
1286 1305 1355 1346 sne·

155 1431 157 1438 .
208 1377 297 1449 dium,
317 1374 383 1454 quis
401 1370 467 1431 inde
486 1370 522 1432 od
542 1391 595 1432 nos
614 1376 730 1432 manunt
749 1370 846 1430 omniu
867 1371 929 1431 eius
948 1367 1097 1428 beneficis:
1121 1387 1181 1428 non
1200 1373 1355 1446 tunquenr

208 1454 359 1534 exprimo
379 1451 467 1522 tonte,
491 1449 540 1511 sed
564 1471 601 1512 ex
622 1450 774 1512 ctoslibur.
813 1446 875 1510 itui
899 1449 974 1509 enim
1000 1448 1121 1528 grutuita
1142 1445 1198 1508 Del
1217 1445 1354 1518 bonitus,
1413 1463 1414 1470 ¹

209 1536 293 1596 unios
316 1533 343 1592 ei
367 1531 403 1592 sd
422 1547 475 1590 nos
495 1529 646 1592 liberaliter
669 1527 832 1589 tractandos
857 1546 942 1589 ceusu
961 1533 1019 1602 est,
1042 1526 1113 1586 nihil
1131 1533 1229 1586 temen
1248 1524 1291 1584 uh
1313 1543 1353 1584 eo

209 1609 665 1756 :tittttttttttttt
683 1605 1155 1766 *tlttttttttttttl
1171 1603 1354 1744 Zilil

210 1789 300 1832 verax
324 1775 399 1829 essct
418 1766 499 1828 Dens
523 1769 552 1826 in
572 1769 631 1828 suis
651 1707 809 1848 p'romlbdis,
833 1767 959 1847 adiungit
983 1772 1083 1827 uotum
1103 1763 1188 1844 qusle
1206 1705 1351 1845 proqximo

210 1868 296 1912 versu
315 1846 474 1926 habuimus,
498 1865 601 1930 nempe
626 1855 659 1907 nt
682 1853 790 1908 crescet
812 1847 842 1906 ln
861 1853 939 1908 recte
958 1845 1151 1925 intelligentis,
1175 1862 1350 1923 quenqurm

211 1929 298 2012 poulo
318 1927 435 1988 dirersis
455 1925 548 1987 verbis
568 1930 665 1987 utitur.
695 1925 781 1986 Ponit
799 1927 875 1988 enim
889 1925 1084 1986 rectitudinem
1094 1930 1194 2005 gustus
1212 1929 1244 1983 et
1252 1925 1350 1982 scien·

211 2010 289 2070 tism.
328 2004 402 2066 Nem
427 2025 516 2085 quum
535 2009 619 2074 Dttl't
645 2012 759 2087 guttere
782 2004 920 2086 significet
945 2003 1095 2078 llebrseis,
1123 2021 1230 2062 nomen
1249 2020 1290 2060 ex
1310 2021 1350 2062 eo

211 2086 366 2148 deductum
390 2087 505 2165 proprie
524 2087 634 2165 cupitur
655 2105 707 2166 pro
727 2092 821 2165 gustu,
846 2085 1015 2144 transfertur
1038 2089 1133 2143 temen
1151 2081 1189 2140 ud
1208 2087 1348 2140 mentem.

211 2165 273 2230 Nec
298 2163 414 2224 dubium
438 2169 483 2224 cst
506 2165 576 2244 quin
596 2162 691 2224 David
715 2165 799 2224 simul
823 2183 889 2226 curn
915 2164 1029 2222 scientis
1053 2163 1115 2222 deri
1139 2159 1192 2220 sibi
1216 2159 1348 2239 postulet

90 2263 93 2272 ’
211 2264 310 2310 senum
334 2244 532 2309 discretionem
555 2251 585 2304 et
608 2244 749 2304 iudicium.
790 2243 865 2309 Nem
889 2243 938 2322 qui
963 2242 1123 2302 disiunctim
1143 2241 1243 2320 legunt
1262 2238 1345 2299 boni·

122 2340 124 2349 ’
211 2333 299 2388 tatem
318 2331 349 2383 et
367 2341 490 2395 sensum,
509 2323 667 2405 depravent
685 2331 775 2382 totum
789 2320 977 2386 sententium,
998 2319 1037 2380 Ut
1056 2327 1152 2382 tumen
1170 2319 1254 2380 nobie
1273 2337 1346 2378 eon-

212 2405 385 2484 stetintegrs
396 2421 475 2463 mens
486 2399 655 2484 Prophetes,
672 2403 834 2464 addendum
853 2408 898 2461 est
913 2403 1053 2482 posterius
1068 2398 1239 2458 membrum.
1264 2396 1346 2458 Disrt

211 2503 244 2546 se
262 2481 348 2544 lldem
369 2480 500 2544 habuisse
519 2481 573 2542 Dei
594 2483 700 2555 edictis,
720 2482 776 2542 hoc
794 2489 846 2556 est,
866 2480 985 2541 libenter
1003 2479 1169 2562 amplerum
1187 2497 1252 2541 esse
1265 2479 1346 2558 quic-

211 2563 281 2646 quid
301 2563 331 2622 in
350 2559 427 2642 laege
445 2561 658 2642 praescribitur:
681 2563 721 2622 iis
746 2581 777 2622 se
794 2561 915 2620 docilem
939 2579 1001 2619 esse
1025 2566 1055 2619 et
1073 2561 1249 2639 morigerum
1267 2557 1344 2618 silic-

211 2649 280 2706 mut.
311 2639 412 2719 Quum
431 2649 528 2702 sutem
545 2639 670 2721 Spiritus
688 2642 777 2701 suncti
793 2641 884 2736 ductu
903 2640 942 2699 ito
963 2639 1000 2698 ud
1019 2637 1187 2735 obsequium
1201 2636 1258 2697 Dei
1277 2657 1343 2718 pro·

211 2718 428 2882 tittzltt’
452 2720 715 2881 titttgitt
736 2720 801 2858 ill
819 2719 1344 2859 retrocurrere

213 2879 346 2940 distincte
354 2879 469 2958 requiri,
488 2879 719 2960 praeditumesse
737 2867 949 2950 recto‘uffectu,
968 2883 997 2936 et
1012 2877 1164 2956 prudenter
1178 2876 1342 2957 intelligere

213 2956 303 3037 Quod
326 2957 413 3017 tidem
436 2959 494 3018 iem
518 2956 640 3018 habetat
658 2955 802 3038 Propheta
820 2956 876 3018 Dei
901 2957 1049 3030 mundetis,
1076 2956 1146 3016 brec
1165 2963 1244 3017 certe
1262 2973 1341 3014 rere-
1413 2961 1414 3008 t

213 3037 304 3098 mnus
322 3053 361 3096 ex
382 3037 434 3116 pio
454 3037 517 3098 uelo
537 3035 687 3110 oriebatur,
710 3037 816 3098 sedne
840 3036 1045 3098 inconsiderate
1064 3035 1184 3108 aberret,
1203 3055 1261 3094 non
1281 3037 1342 3096 sine
1413 3035 1414 3050 ¹

213 3133 299 3176 ceusu
324 3115 433 3175 metuit.
472 3113 625 3176 Discumus
649 3135 732 3198 ergo,
761 3124 913 3212 postquem
932 3116 1039 3176 corde
1053 3121 1151 3176 uostm
1175 3114 1342 3175 formaverit

213 3193 294 3255 Dens
312 3194 343 3255 in
362 3191 445 3274 legis
464 3213 533 3256 suec
552 3195 729 3276 obsequium,
748 3196 834 3258 simul
852 3203 949 3277 petere
969 3194 1004 3255 eb
1022 3213 1059 3255 eo
1080 3194 1257 3276 prudentiam
1268 3213 1342 3275 quse

212 3273 306 3336 uelum
325 3281 456 3336 nostrum
474 3275 645 3336 moderetur.
999 3280 1003 3287 '

293 3353 340 3416 67.
360 3356 544 3450 Priusquam
562 3358 744 3418 humiliores·-
775 3352 851 3434 Quis
865 3351 990 3418 „verbum
1011 3357 1084 3426 ΠΝ
1101 3354 1183 3434 loqui
1202 3353 1342 3414 interdum
1413 3401 1414 3418 r

138 3479 142 3487 .
212 3432 259 3492 vel
278 3431 423 3508 testificari
442 3433 594 3516 significate
614 3435 886 3516 quibusdsmplucet
905 3434 976 3494 heco
994 3435 1088 3495 lectio.
1113 3435 1340 3513 Anteqnomme·

214 3511 319 3573 ditarer
344 3511 374 3572 in
398 3515 510 3574 statutis
535 3517 606 3588 tuis,
631 3533 685 3595 ego
709 3514 845 3574 erusbem.
885 3511 944 3572 Sed
968 3512 1024 3574 hoc
1048 3515 1131 3574 nimis
1151 3519 1280 3574 coretum
1299 3513 1341 3572 vi·

211 3591 304 3652 tetur.
336 3589 461 3671 Longius
481 3595 565 3653 etism
585 3594 632 3653 ulii
651 3594 799 3654 recedunt:
826 3591 897 3733 3η
917 3599 1046 3672 tempore
1065 3596 1172 3653 erravit
1191 3591 1341 3673 Propheta,

211 3689 273 3730 non
295 3670 383 3730 fuisse
406 3673 486 3751 quod
505 3671 570 3732 Deo
595 3672 785 3752 responderet.
853 3691 887 3734 ec
910 3689 980 3732 vero
1008 3672 1163 3734 reintrudis
1186 3673 1247 3732 istis
1266 3691 1340 3731 eom·
1413 3741 1414 3750 χ

210 3749 314 3810 mentis
340 3751 492 3825 immoror,
522 3753 589 3832 quis
613 3753 728 3812 minime
752 3750 915 3832 emblguum
939 3759 982 3812 est
1001 3749 1162 3834 Prophetes
1181 3751 1340 3812 consilium:
1413 3751 1414 3770 ³

200 3846 315 3910 ¹ucrnpe
333 3829 363 3888 in
383 3847 435 3889 sue
459 3849 581 3910 persons
600 3849 780 3892 communem
798 3831 916 3892 humuni
940 3833 1049 3910 generis
1069 3832 1117 3892 vel
1136 3831 1277 3892 lascivium
1294 3830 1341 3890 vd

210 3908 419 3970 contumacium
439 3909 582 3984 describit,
625 3910 681 3970 uod
706 3910 813 3970 sedicet
833 3909 896 3970 Deo
921 3929 1068 3992 nunquam
1087 3911 1270 3990 obsequimur
1287 3909 1340 3968 nisi

210 3985 312 4048 ferulis
331 3988 433 4048 coorti.
471 3987 536 4048 lloc
555 3929 670 4069 quidem
689 3989 810 4070 prodigii
829 3989 929 4064 simile,
948 3990 1026 4070 quod
1043 3990 1198 4069 praefracte
1217 4007 1269 4048 nos
1277 3987 1338 4048 Deo

70 4035 79 4102 3
209 4065 350 4126 subiicere
369 4065 533 4128 abnuimus:
553 4067 605 4127 sed
623 4074 719 4128 tumen
743 4069 916 4148 experientis
940 4069 1074 4144 ostendit,
1095 4070 1144 4130 nbi
1164 4067 1244 4128 Deus
1263 4067 1339 4128 uobis

208 4143 347 4282 indulqet,
367 4163 480 4226 semper
497 4165 552 4207 nos
571 4145 607 4206 sd
627 4145 763 4206 ferociam
782 4166 940 4228 erumpere.
980 4145 1019 4208 Et
1037 4155 1116 4210 certe
1136 4167 1228 4229 quum
1246 4149 1274 4210 io
1286 4145 1339 4208 Dei

126 4237 133 4252 ²
187 4277 188 4280 ,
209 4220 288 4358 Prqp
303 4230 355 4317 ‘ete
375 4228 591 4320 contumacium·
604 4226 743 4286 violenter
759 4227 862 4308 corrigi
877 4228 1046 4324 oportuerit?
1065 4227 1157 4288 mullo
1176 4225 1339 4325 megisheec

208 4315 260 4358 eru
281 4306 330 4362 ruo
349 4320 506 4364 necessaris
525 4305 608 4364 nobrs
627 4311 680 4364 est.
720 4303 793 4366 Num
814 4325 904 4387 quum
924 4325 1094 4388 pnncrprum
1113 4308 1286 4368 obediencie
1301 4314 1340 4366 ert
1413 4359 1414 4370 .

101 4393 106 4416 1
148 4473 152 4482 ὁ
207 4378 302 4440 cernis
320 4363 512 4494 modificetis,
532 4399 619 4464 quem
638 4385 805 4448 usturuliter
824 4399 924 4448 ornnes
938 4385 1092 4469 mingiunt,
1111 4388 1280 4450 nonmirunr
1296 4391 1339 4448 est
