2874 4888
199 272 253 328 122
623 275 909 318 scsnvrnns

198 416 259 460 non
279 385 443 468 cuniculus,
463 397 567 455 multas
587 395 638 456 sibi
657 377 789 458 Dcitates
807 397 934 459 fabricat.
963 398 1073 460 Eodem
1092 401 1213 480 pertinet
1234 388 1331 483 pironi-
1384 389 1387 398 ’

199 497 264 538 mus
293 494 409 549 venus,
435 475 483 536 ubi
510 475 577 536 dicit
596 477 734 558 propheta
756 480 851 540 Deum
869 501 930 540 erac
942 481 1168 561 formidabilem
1190 489 1224 541 im
1237 492 1333 543 *comcs

197 563 387 619 Sanctorum.
415 552 593 624 Diabolicanr
612 561 688 638 enim
706 558 784 618 illam
803 560 1033 640 superstitionem
1052 561 1167 642 corrigit
1186 561 1223 620 sd
1243 580 1332 642 qnam

196 637 333 718 propensi
357 641 425 694 suut
444 634 503 695 lere
522 655 636 710 omnes,
661 657 750 716 quum
770 636 896 718 Angelos
915 639 975 698 sins
995 639 1082 699 modo
1101 645 1131 699 et
1149 637 1259 700 ratione
1278 659 1330 701 ex·

194 719 309 778 tollunt
343 715 433 795 Atqui
451 714 476 774 si
493 715 548 795 ipsi
568 733 685 797 quicque
703 713 805 797 Angcli
825 719 966 798 trepidant
979 725 1010 778 et
1023 726 1217 800 expavescunt
1230 739 1330 782 caram

195 795 250 856 Dei
270 797 430 865 maiestate,
450 795 595 874 quomodo
615 801 675 856 nc'n
694 804 829 876 cogentur
848 799 877 865 iu
897 795 1035 873 ordinem,
1055 806 1087 860 ut
1106 797 1185 860 solus
1197 797 1277 862 Deus
1288 802 1328 860 in

194 877 318 936 solidum
344 875 460 952 regnet?
499 872 589 935 Porro
613 895 664 936 eos
687 884 720 936 io
734 885 865 952 ,circuitu
883 880 942 938 Dei
961 878 1073 952 locans,
1091 877 1222 960 intelligit
1241 881 1332 940 instar

194 955 347 1016 satellitum
368 951 543 1014 circumdare
561 953 665 1016 solium
684 957 754 1030 eius,
773 963 943 1038 praestoque
967 975 1079 1037 semper
1091 959 1189 1018 adesse
1204 957 1240 1018 ad
1261 958 1329 1019 snb·

194 1035 287 1096 sunda
312 1037 395 1094 iussa.
436 1031 540 1094 Postea
564 1035 657 1094 denuo
681 1035 756 1096 idem
776 1039 891 1116 repetit,
917 1043 991 1112 Quis
1009 1046 1085 1098 sicot
1104 1049 1138 1098 tc
1152 1041 1265 1120 sorita?
1293 1045 1330 1100 ut

193 1116 391 1176 metu—saltem
412 1114 512 1186 territi,
531 1113 673 1174 discamus
692 1133 750 1174 non
770 1117 892 1195 spoliare
910 1135 976 1176 cnm
996 1116 1091 1176 debito
1110 1117 1229 1178 honore.
1270 1117 1327 1179 Ce-
1429 1191 1430 1194 Ἴ

193 1203 288 1255 terum
308 1213 345 1254 ne
364 1194 450 1252 nimis
469 1211 523 1253 nos
542 1192 706 1268 absterreat,
717 1195 834 1276 'aliquid
848 1195 1002 1256 dulcedinis
1012 1197 1156 1272 admiscet,
1175 1205 1329 1258 omdoiem
1429 1235 1430 1280 p

192 1283 256 1336 eius
276 1297 333 1355 per
357 1293 457 1334 omnes
480 1281 622 1334 circuitus
644 1283 774 1356 specim
793 1275 971 1355 praedicans:
1002 1277 1065 1335 acsi.
1080 1277 1200 1352 diecret,
1228 1276 1328 1337 Deuns

191 1373 304 1434 semper
318 1361 454 1416 ,constare
472 1354 530 1412 suis
550 1354 708 1433 promissis:
727 1359 756 1414 ct
775 1355 910 1436 quicquid
930 1357 1119 1416 mutationum
1129 1355 1245 1434 accidat,
1258 1375 1326 1418 vnra·

191 1453 261 1496 nere
280 1442 375 1522 tamen
395 1452 413 1493 a
432 1439 512 1514 tergc
531 1439 561 1494 ct
579 1433 688 1510 honis,
710 1452 728 1495 s
747 1433 847 1496 dextra
866 1441 896 1497 et
914 1435 1028 1498 sinistra
1046 1453 1186 1497 veracem.
1267 1459 1272 1474 ·

191 1709 196 1714 ,
280 1634 334 1702 10.
357 1632 410 1702 Tu
438 1629 609 1702 dominaris
635 1632 799 1724 superbiae
826 1634 936 1706 maris:
965 1635 1043 1704 du'm
1064 1635 1249 1706 attolluntur
1269 1635 1325 1706 flu·
1357 1705 1366 1720 ,

189 1750 262 1810 ctus
288 1739 370 1836 eius,
398 1740 574 1832 compescis
600 1761 668 1808 eos.
714 1741 766 1806 11.
789 1740 842 1809 Tu
863 1741 1000 1810 afflixisti
1021 1741 1102 1808 sicut
1123 1741 1324 1810 mshreratum

190 1848 381 1940 Aegyptum,
402 1846 436 1912 in
457 1845 584 1916 brachio
606 1843 895 1916 fortitudinis'tuae
917 1846 1088 1938 dispersisti
1110 1845 1254 1915 inimicos
1276 1857 1324 1914 tn·
1429 1933 1430 1946 χ

191 1977 239 2021 os.
285 1953 337 2019 12.
360 1951 424 2020 Tui
446 1961 522 2018 sunt
543 1950 632 2036 coeli,
655 1952 758 2020 etism·
772 1961 825 2020 tua
848 1963 898 2022 est
919 1951 1014 2038 terra,
1037 1953 1146 2020 orbern
1168 1963 1201 2020 et
1222 1953 1323 2044 pleni·

99 2111 101 2114 -
189 2059 332 2128 tudinem
360 2057 428 2124 eius
460 2067 496 2126 tn
528 2057 678 2126 formasti
724 2059 776 2126 13.
803 2057 997 2150 Aquilonem
1028 2068 1062 2128 et
1088 2057 1252 2126 Meridiem
1284 2071 1323 2126 tn

165 2229 168 2236 r
189 2165 314 2235 creasti:
336 2163 466 2232 Thabor
487 2173 519 2232 et
528 2161 671 2246 Hermon
692 2162 876 2232 innomine
898 2175 954 2231 tuo
977 2164 1186 2234 exsultabunt.
1210 2159 1322 2235 14.Τί-

188 2273 221 2340 bi
249 2271 409 2340 binchium
437 2294 511 2362 cum
540 2270 693 2360 potentia:
719 2269 880 2338 roborabis
906 2295 1037 2338 manum
1066 2267 1167 2354 triam,
1195 2255 1321 2340 attolles
1429 2255 1430 2286 r

187 2380 350 2448 dexteram
377 2387 474 2446 tuam.
521 2377 572 2444 15.
592 2361 711 2443 Iustitia
738 2385 771 2444 et
792 2376 941 2444 iudicium
963 2376 1053 2444 locus
1075 2377 1145 2444 solii
1161 2377 1227 2462 tui,
1262 2377 1321 2446 cle

185 2485 302 2556 mentio
324 2493 357 2554 et
377 2483 491 2568 veritas
512 2481 700 2574 praecedent
720 2481 833 2550 laniem
853 2491 951 2549 tuam
1023 2575 1028 2584 .

258 2633 313 2712 ylo.
337 2631 388 2688 Τιι
410 2629 581 2688 dominaris.
614 2623 686 2686 *lam
708 2623 855 2698 admonui,
879 2645 952 2706 quoe
983 2625 1134 2686 hacteuus
1148 2625 1316 2708 generaliter

144 2741 153 2748 -
185 2705 331 2790 Propheta
351 2708 480 2769 disseruit
499 2705 534 2765 de
553 2703 732 2779 virtuteDei,
751 2705 898 2766 reserenda
917 2724 979 2764 esse
997 2707 1033 2765 ad
1054 2707 1254 2787 redemptionis
1265 2710 1317 2767 mi·

184 2787 326 2862 naculum,
344 2787 421 2867 quod
441 2788 497 2846 iam
517 2785 619 2847 diserta
638 2784 769 2846 celebrat.
823 2804 964 2866 uunquam
983 2789 1058 2844 enim
1079 2787 1193 2866 quidam
1209 2788 1316 2846 linctus

184 2871 270 2930 moris
296 2868 429 2948 componi
455 2868 688 2946 interpretentur,
713 2865 780 2946 qnia
829 2884 879 2926 cns
905 2885 962 2926 non
983 2869 1088 2946 patitur
1113 2867 1254 2950 submergi
1275 2867 1315 2925 di·

185 2950 263 3010 luvio
283 2955 378 3006 totum
398 2945 509 3005 orbem:
535 2964 589 3026 ego
607 2951 702 3003 tamen
723 2945 896 3005 coniunctim
915 2943 987 3004 dnos
1007 2947 1077 3004 istos
1096 2965 1195 3006 versus
1209 2947 1314 3025 legens,

184 3026 357 3106 Prophetanr
383 3027 514 3086 existimo
539 3024 575 3084 ds
593 3021 693 3083 Rubro
716 3026 787 3084 mari
813 3025 905 3104 loqui,
930 3023 1008 3106 quod
1032 3023 1315 3105 llens‘compescuit

183 3115 216 3167 ut
234 3108 383 3167 transitum
404 3106 484 3164 daret
504 3105 610 3184 populo
630 3123 692 3163 suo.
731 3102 854 3164 Sublicit
872 3105 947 3164 eninr
966 3105 1102 3164 continno
1122 3111 1202 3184 post,
1222 3112 1315 3164 tutans

182 3197 293 3250 smum
316 3191 448 3268 Acggplt
476 3193 572 3246 instar
599 3187 726 3246 homimis
744 3193 833 3246 occisi
849 3185 945 3264 risisse
959 3194 1154 3266 proclrutnm.
1193 3181 1309 3262 Quibus
1429 3245 1430 3260 p

182 3267 276 3328 verbis
296 3265 362 3326 Dei‘
378 3267 494 3346 gratiam
521 3266 550 3322 in
574 3263 716 3324 liberanda
735 3261 859 3325 Ecclesia
884 3265 1072 3324 commendat.
1111 3261 1212 3343 Neque
1236 3266 1313 3344 enim

181 3346 299 3408 dubium
317 3353 363 3406 est
382 3348 450 3426 rprin
470 3345 521 3405 sibi
542 3349 572 3403 ct
590 3343 651 3404 aliis
670 3346 850 3424 proposuerit
868 3351 1016 3424 paternum
1028 3343 1082 3403 Dci
1097 3361 1233 3414 amoram,
1254 3363 1313 3422 quo

181 3429 296 3488 liberius
324 3428 360 3485 ad
391 3445 456 3489 eum
487 3423 663 3504 confugerem
693 3424 774 3482 sicuti
798 3422 893 3483 Deum
924 3425 1087 3502 praedicans
1111 3425 1229 3484 bruchio
1255 3445 1311 3483 suo

177 3509 257 3590 sorti
276 3505 559 3579 subhumatorum
578 3505 614 3563 ab
624 3504 837 3584 experimentali
851 3503 950 3564 notitia
960 3504 1076 3583 colligit,
1095 3503 1312 3582 quotiesvisant
1429 3551 1430 3572 ,

154 3588 272 3666 iuml,
292 3587 367 3646 idem
387 3605 498 3666 scrnpcr
516 3584 666 3646 inclinum.
1327 3646 1329 3650 .
1421 3621 1430 3666 .ss

261 3671 308 3727 12.
337 3669 398 3726 Tst
426 3675 497 3727 suut
520 3667 600 3726 coeli.
644 3661 740 3722 Tertio
763 3661 880 3742 repetii,
910 3659 1005 3721 Deum
1051 3662 1080 3721 ui
1103 3658 1186 3721 electi
1210 3661 1311 3743 populi

153 3779 158 3790 ·
179 3745 234 3806 fuit
253 3746 399 3817 liberator,
424 3745 543 3824 imperio
567 3763 620 3802 suo
644 3761 741 3822 regere
760 3750 852 3807 totum
871 3741 978 3801 orbem.
1046 3760 1091 3802 aur
1111 3760 1149 3801 cx
1167 3745 1310 3802 creatione
1429 3743 1430 3760 ¹

179 3826 288 3904 colligit
307 3823 404 3882 Deum
427 3823 575 3884 actualiter
598 3823 738 3882 moderari
763 3821 898 3902 quiequid
918 3825 946 3880 in
967 3823 1048 3882 ooelo
1068 3829 1098 3884 et
1111 3829 1186 3881 terra
1201 3824 1308 3903 agitnrz

178 3908 244 3989 quia
261 3905 414 3963 absurdum
434 3911 523 3974 esset„
548 3904 644 3962 coelos
665 3921 682 3961 a
700 3900 766 3961 Deo
787 3910 911 3974 creatos,
936 3901 1056 3962 fortuito
1076 3919 1153 3962 nunc
1172 3903 1260 3975 volvi,
1280 3907 1309 3982 et
1324 3915 1338 3928 '

177 4005 223 4045 res
244 3983 457 4044 velhominur'ri
476 3982 602 4052 arbitrio,
621 3984 668 4044 vcl
687 3989 792 4040 temere
811 3989 840 4040 et
859 4000 927 4040 casu
947 3975 1064 4040 misceri
1076 3984 1105 4042 in
1125 3988 1214 4040 terra:
1239 3981 1308 4060 quis

177 4067 324 4202 popu-p,
345 4061 938 4203 limittit„t”¹'‘tttttl³t‘¹tt
954 4061 1308 4202 tttltt‘tttttt

176 4163 250 4282 aiiii⁸
266 4164 351 4283 iriiii¹¹
370 4223 417 4284 De
435 4163 567 4284 Meuia
590 4233 618 4283 st
638 4161 839 4300 crebrarum
863 4221 997 4301 loquens,
1016 4219 1089 4284 'itam
1109 4160 1308 4282 dspmoutibus

177 4305 310 4364 Hermon
328 4312 356 4364 si
380 4300 513 4372 Plator}
532 4301 729 4362 accommodat
748 4319 906 4360 sermonem
926 4302 962 4360 asi
981 4319 1096 4362 sensum
1114 4301 1194 4361 rudis
1213 4299 1306 4382 vulgi:
1429 4291 1430 4344 l

176 4385 258 4462 quasi
277 4383 397 4456 diceret,
417 4383 524 4442 nnllam
543 4401 606 4442 esso
625 4381 723 4442 mundi
743 4387 853 4460 partem
872 4399 947 4462 quas
965 4401 1028 4442 non
1042 4388 1206 4442 reseratur
1225 4381 1307 4462 opili-
1429 4403 1430 4468 j
