2890 4886
558 285 866 329 erueremur.
1066 275 1070 290 '
1184 245 1323 350 '229‘

140 402 277 471 laetetur
297 423 355 470 eor
376 405 596 494 quaerentium
614 403 775 474 lahorem.
826 401 859 475 Α,
892 361 1041 493 Qmerite
1068 407 1220 478 letiorem
1247 423 1304 482 et.

141 507 360 576 fortitudinem
382 507 466 592 eius,
491 509 638 602 inquirite
660 511 771 579 faciem
794 511 862 582 eius
884 512 1006 605 iugiter.
1050 514 1081 580 5.
1114 513 1278 586 Memento

140 608 385 737 temirsbilinm
407 613 476 682 eins
498 639 579 707 quoe
601 615 692 700 lecit,
712 617 928 710 prodigiorum
942 617 1017 710 *eius
1038 630 1071 690 et
1091 619 1278 712 iudiciorum

141 744 207 790 ona
229 743 306 790 eruo

220 885 252 953 l·
270 885 419 949 ,aetrno
436 888 584 946 reeown.
624 883 766 948 Nouello
784 893 896 968 epeotst
912 889 1064 950 exordium
1083 888 1223 964 bonoisi
1242 898 1275 954 ut

140 969 234 1026 totam
253 981 336 1024 roem
356 963 557 1024 beatitudinem
569 963 702 1026 Abrabae
721 987 813 1046 geom
831 969 986 1030 constitum
1003 969 1033 1028 in
1052 967 1205 1052 adoptione
1219 969 1276 1032 Dei

115 1045 274 1124 ·qr·atuits.
313 1041 376 1103 uus
392 1045 470 1104 enim
489 1060 555 1106 non
572 1045 763 1125 spernendum
782 1045 889 1109 bonum
908 1054 983 1121 erat,
1007 1055 1120 1110 orentos
1143 1065 1205 1110 esse
1225 1048 1275 1111 bo·

139 1124 242 1196 mines,
262 1128 381 1203 poterut
400 1125 468 1184 eins.
480 1141 549 1182 eure
562 1123 654 1184 foveri
667 1126 698 1184 in
712 1125 830 1199 mundo,
850 1133 880 1186 et
897 1127 1031 1188 numeru
1049 1147 1088 1190 ex
1106 1130 1167 1188 eins
1186 1147 1275 1190 mann

139 1203 302 1300 μόροισι
330 1201 359 1264 lo
434 1209 530 1265 tumen
550 1205 737 1283 praestantior
754 1205 810 1264 luit
827 1204 900 1266 bueo
922 1205 1063 1286 dignatio,
1087 1198 1194 1268 denter
1212 1227 1283 1270 esse·
1303 1244 1305 1255 ·

139 1301 170 1344 ιιι
190 1281 362 1363 penuliorem
429 1283 436 1300 ’
457 1281 607 1363 populum.
627 1280 701 1344 Nom
718 1303 812 1363 quum
829 1285 860 1346 in
874 1284 968 1347 Adanu
987 1285 1137 1348 meledicto
1154 1287 1194 1346 sit
1212 1307 1275 1350 om-

139 1362 221 1422 nium
236 1358 412 1438 ,moruliinn
432 1363 524 1442 origo,
542 1362 584 1420 sio
608 1361 739 1423 distinen
762 1363 816 1425 fnit
835 1365 961 1428 conditio
980 1365 1080 1446 populi
1099 1366 1176 1427 illins
1195 1383 1213 1430 u
1231 1386 1274 1427 re·

138 1442 227 1521 liquis
246 1440 399 1516 Gentibus,
425 1448 460 1501 nt
484 1441 599 1522 gloripri
623 1449 770 1521 possetne
790 1441 856 1504 Deo
874 1460 992 1506 eaerum
1004 1463 1078 1506 esse.
1117 1443 1185 1508 Ideo·
1203 1443 1274 1507 Pro·

138 1521 227 1602 phets
246 1520 284 1581 sd
304 1519 388 1582 buius
408 1523 514 1602 gratioe
533 1521 809 1582 commendationem
829 1529 874 1584 tot
892 1521 978 1584 verbu
997 1525 1134 1605 eoeperit
1172 1522 1275 1605 Neque

137 1602 216 1662 enim
235 1601 348 1662 disserit
365 1600 401 1662 de
420 1606 481 1660 tntu
500 1599 599 1668 nundi
618 1599 835 1680 gubernatione,
858 1609 893 1669 ut
910 1601 1026 1698 Psulmo
1045 1605 1207 1684 proximos.
1222 1603 1273 1666 sed

137 1679 1272 1846 ulufflrtttttttttftttttdttttpettit
1332 1741 1342 1774 ⁸

138 1841 257 1922 spiritus
304 1838 404 1900 foedus
423 1839 574 1918 restringit,
593 1857 653 1918 quo
667 1838 822 1902 Eoolesium
841 1841 949 1936 seleqit,
968 1859 1043 1923 quse
1061 1843 1092 1902 in
1110 1849 1186 1904 term
1206 1861 1270 1903 ooo·

135 1919 238 1982 lentem
256 1919 346 1980 ritem
364 1919 555 1980 meditaretur.
594 1915 696 1998 Neque
719 1921 795 1982 enim
813 1919 954 1982 mirebrlia
971 1938 1050 1982 nune
1067 1927 1169 1998 voest,
1190 1921 1270 2003 qnod

136 1998 204 2074 rol„
226 1998 295 2058 lons
312 2003 343 2058 et
361 1998 459 2058 stellae
483 1997 610 2078 quotidie
633 1999 764 2060 eduntur
787 2001 981 2065 otmundum
1006 2000 1163 2075 illustrent,
1190 1998 1271 2084 qnod
1397 2053 1400 2062 .

26 2123 31 2145 ,
137 2085 214 2140 terra
233 2078 292 2137 suis
308 2071 485 2160 temporibus
504 2079 653 2156 genninnt,
672 2077 750 2160 qood
771 2077 911 2141 bonorem
929 2081 1114 2140 omninno>
1135 2082 1161 2140 ia
1174 2081 1203 2142 in
1220 2081 1269 2141 ali·

136 2163 267 2220 mentum
286 2159 447 2239 suggeritur
464 2155 664 2252 quimeudbus,
683 2157 762 2238 quod
782 2157 907 2224 humano
922 2099 1184 2239 genenltbenbter
1202 2177 1268 2241 sop-

138 2243 242 2322 petnut
263 2242 308 2298 tot
330 2235 560 2332 eommodrtotm:
587 2235 639 2332 sed
663 2237 740 2316 quod
765 2255 802 2296 ex
819 2237 947 2376 perdito
955 2237 1036 2299 Adue
1054 2240 1265 2334 progenieexi·

136 2335 225 2479 ιιι
281 2315 675 2458 “mittuntur
689 2321 832 2476 ιιι.
854 2397 1267 2479 w.

131 2477 201 2538 aulo
210 2473 336 2538 Ecclesia
354 2475 476 2538 excellit
497 2473 579 2536 Unde
597 2475 742 2570 requitur·
754 2475 867 2538 nonnisi
886 2475 923 2536 ad
941 2475 1040 2536 fideles
1059 2475 1140 2557 dirigi
1158 2495 1267 2540 emme

134 2575 219 2651 ”⁹⁰¹2
237 2575 311 2695 quqe
328 2555 411 2656 pepe
429 2557 460 2617 in
478 2554 564 2616 tidem
583 2560 615 2616 et
633 2555 789 2618 eustodrsm
809 2572 891 2616 suum
909 2555 1083 2638 rosoipiens,¹
1099 2554 1192 2618 voluit
1211 2575 1266 2618 suo

133 2655 252 2703 nomroe
299 2655 392 2699 onan.
1153 2689 1154 2700 ,

215 2716 243 2778 4.
276 2717 580 2790 Quaestionem
651 2733 706 2779 nau
747 2731 851 2779 emuu
944 2721 1019 2776 oetr
1100 2716 1155 2778 rusi
1193 2721 1265 2778 reret
1307 2761 1310 2772 .

270 2657 288 2716 ⁶
620 2711 649 2796 o
708 2733 746 2796 n
853 2713 943 2802 rer
1011 2713 1110 2778 uo·
1155 2715 1203 2796 ιι·

134 2793 244 2868 fideles,
263 2795 341 2874 qnod
351 2795 446 2856 Deum
464 2801 612 2875 quaerant,
631 2813 682 2856 eoa
700 2801 796 2856 tamur
815 2796 872 2856 ism
891 2794 927 2856 sd
946 2795 1022 2856 illius
1040 2795 1193 2876 quaerendi
1205 2801 1263 2856 stu·

59 2889 67 2896 ·
134 2875 215 2934 dium
235 2873 376 2934 hortetur:
405 2893 501 2955 neque
523 2873 574 2934 abs
592 2893 640 2949 re,
658 2893 725 2935 nam
744 2893 845 2936 verum
864 2874 980 2954 quidem
999 2881 1056 2950 est,
1074 2873 1129 2936 hoo
1148 2876 1267 2957 proprie

134 2961 205 3016 note
224 2953 345 3015 diseerni
364 2952 462 3016 fideles
479 2973 498 3014 s
517 2953 644 3034 prolenis
667 2954 843 3032 hominibus,
871 2955 920 3016 sed
945 2955 1069 3014 multum
1090 2953 1172 3016 sbsst
1194 2955 1264 3035 quin
1358 2971 1360 2985 ·

133 3053 203 3096 eum
227 3053 287 3114 qno
310 3033 427 3094 decebat
449 3033 561 3095 fervore
585 3040 736 3113 quoerant:
765 3034 887 3115 ideoque
910 3035 1032 3095 numnis
1054 3035 1167 3096 assidue
1190 3053 1265 3116 opus

132 3117 189 3186 eet,
208 3112 320 3194 quibus,
339 3113 404 3176 boet
424 3114 500 3174 ultro
518 3120 673 3187 oumnoes,
691 3115 851 3174 innitentur.
871 3111 972 3194 Neque
985 3114 1262 3179 enimhicvelerru·

134 3193 208 3254 tiens
230 3193 374 3268 homines,
402 3194 450 3254 vei
474 3211 591 3272 prorsus
614 3194 623 3254 i
679 3211 733 3253 voe
754 3199 785 3252 et
807 3195 925 3254 turmis
947 3193 1072 3254 lueoibus
1096 3193 1200 3255 affixos
1225 3193 1263 3254 ud

133 3271 232 3334 Deum
251 3272 444 3353 quaerendum
462 3273 596 3332 sollicitet
638 3270 773 3368 rephun,
797 3271 848 3332 sed
867 3273 918 3352 qui
936 3277 1071 3353 prompto
1089 3272 1147 3334 iam
1166 3273 1265 3334 animo

84 3418 88 3424 ,
134 3351 194 3416 hue
212 3351 376 3413 tondebuntr
396 3353 464 3433 quis
481 3351 589 3414 seilicet
596 3351 693 3412 multis
711 3349 920 3490 ipppqimentis
939 3369 989 3412 eor
1002 3349 1107 3412 tardant
1116 3351 1204 3427 videt,
1223 3353 1280 3414 ue'

135 3433 205 3494 eatis
223 3433 382 3494 accelerent
399 3452 482 3492 snum
501 3449 628 3492 eorsum.
652 3429 719 3508 Qun
806 3436 818 3492 t
834 3447 905 3508 ergo
923 3430 1077 3491 voluntarii
1095 3431 1194 3506 sinus,
1211 3448 1260 3494 ue-

134 3514 257 3572 nenaria
285 3518 329 3572 est
356 3509 438 3573 nobis
466 3511 538 3572 hseo
564 3511 692 3572 innitotio
715 3529 791 3590 quse
813 3509 956 3591 pigritiem
978 3517 1106 3571 noenum
1134 3511 1261 3591 esstigot·

135 3590 236 3670 Quum
255 3589 324 3652 dicit
339 3593 430 3652 robur
449 3599 512 3652 etna
530 3599 558 3652 et
574 3593 686 3672 sonim
709 3599 787 3666 οιίιι,
813 3608 871 3650 non
897 3586 1014 3648 dubium
1038 3595 1082 3650 est
1106 3592 1177 3669 quin
1199 3609 1213 3650 s

134 3673 207 3732 eiem
226 3669 459 3732 menifestutionis
478 3670 615 3750 designet,
633 3687 691 3751 qua
708 3676 779 3729 tuno
797 3688 851 3748 pro
869 3673 926 3730 tem
949 3669 1005 3728 oris
1023 3668 1146 3730 ruditate·
1164 3669 1220 3730 lide
1231 3689 1262 3728 es
1329 3685 1334 3694 ·

134 3749 217 3812 Deus
236 3751 273 3810 sd
290 3769 322 3812 se
341 3751 438 3814 traxit.
457 3749 571 3812 Seimm
590 3757 685 3811 eutem
703 3747 833 3846 pluribus
851 3747 912 3808 eliis
927 3689 1119 3810 doeisArerm
1138 3747 1260 3809 loederis

133 3837 193 3891 tam
212 3830 301 3892 robur
320 3849 406 3912 quam
424 3831 526 3892 faeiem
541 3827 598 3890 Dei
617 3846 714 3890 voesn
732 3828 839 3890 solere:
858 3827 928 3908 quie
944 3836 974 3890 et
992 3828 1037 3889 his
1056 3827 1193 3910 symbolis
1212 3825 1260 3887 od-

131 3910 303 3972 mouebntur
320 3908 574 3991 populnsflbeum
594 3909 647 3969 sibi
662 3909 858 3989 propinquum
877 3927 952 3983 esse,
976 3915 1006 3970 et
1024 3909 1065 3968 rei
1086 3925 1116 3968 so
1135 3927 1171 3967 ex
1192 3907 1260 3966 erie-

132 3988 218 4050 batur
237 3991 299 4050 eius
318 3991 462 4050 virtutem.
495 3988 595 4068 loque
614 4008 673 4068 quo
692 4007 724 4048 ss
741 3987 832 4069 magis
851 3985 1017 4049 familiarem
1036 4007 1053 4048 e
1094 3977 1151 4047 'bet
1169 3927 1261 4060 bene,
1317 4046 1321 4056 „

131 4068 171 4130 ud
189 4087 255 4130 eum
275 4070 469 4150 quaerendum
489 4067 639 4130 maenorer
658 4087 720 4128 ease
739 4068 849 4128 enimes
872 4065 963 4128 iubet:
986 4075 1019 4128 ut
1043 4073 1120 4126 oerte
1143 4065 1260 4126 odmini·
1332 4131 1343 4154 x

64 4201 66 4211 ,
132 4149 200 4210 eois
240 4147 323 4210 oibua
346 4149 538 4210 infirmitatem
561 4155 687 4208 nostram
705 4145 787 4208 Deus
810 4147 954 4222 sublevat,
981 4147 1106 4214 studium
1130 4151 1262 4204 nostrum

107 4239 115 4262 ·'
131 4167 290 4292 serendos
307 4227 530 4308 magimdebent.
570 4225 710 4288 Modestia
726 4227 813 4287 etium
832 4223 914 4288 nobis
932 4225 1162 4304 commendatum
1180 4231 1213 4284 ut
1231 4225 1261 4282 in

131 4307 296 4388 quaerendo
316 4306 381 4368 Deo
405 4296 544 4368 lerditutir
566 4314 680 4366 nostrae
700 4325 857 4382 memores,
886 4305 1131 4367 rium-tenesmos
1160 4302 1196 4364 ob
1225 4321 1265 4364 eo

115 4383 346 4470 'piaminum
365 4405 419 4453 neo
437 4385 597 4477 rudimenta
615 4384 800 4476 lastidirmnp,
824 4383 927 4466 quibus
946 4401 999 4446 nor
1017 4383 1055 4445 sd
1073 4402 1105 4446 se
1124 4382 1261 4465 paulatim
