2884 4886
473 323 487 346 Ι
530 267 574 310 ιιι
601 265 762 310 esaan.
789 271 892 312 curru.
1223 275 1276 334 327

140 387 219 472 quod
244 389 348 452 dicitur
365 385 488 450 'locutas
512 398 546 452 tu
568 393 812 474 ecpite'orsgult,
840 389 886 454 bis
910 392 1004 456 verbis
1027 383 1152 478 intellige
1176 392 1286 462 rerum

139 491 204 534 esse
222 469 366 532 Ecclesiae
389 469 619 542 tundamentum,
649 471 728 550 quod
754 479 845 534 totana
868 471 989 536 aedilicii
1014 475 1120 536 molem
1141 481 1276 538 sustinet:
1363 519 1374 544 ,ι

141 553 209 632 quia
228 553 259 610 in
278 549 390 630 augulis
407 551 558 629 praecipua
578 550 662 612 debet
680 569 742 612 esse
761 551 887 612 firmitas.
908 550 1008 633 Neque
1027 557 1103 616 euim
1123 556 1275 636 planetilia

140 629 439 712 Augustiniargutia,
471 628 616 690 Christum
635 631 799 711 angularem
819 649 881 695 esre
899 631 1039 712 lapidem,
1068 635 1135 715 quia
1154 635 1275 699 ludaeos

141 729 208 772 enm
233 707 373 770 Gentibus
403 710 566 782 coniunxit,
594 710 678 770 siculi
701 711 822 791 angulus
846 711 956 772 medius
980 721 1024 774 ast
1048 714 1122 775 inter
1145 716 1277 778 diversos

140 793 273 872 parietes.
312 785 417 847 Postea
436 787 559 848 inculcat
579 787 674 848 David
695 797 743 864 (nt
763 789 835 863 dixi)
856 789 984 871 pluribus
1005 789 1107 868 verbis,
1121 781 1276 875 'perperam

140 868 282 942 aeatbrmri
301 865 407 928 Christi
427 887 545 950 regnum
566 867 602 928 ab
622 868 770 928 hominum
790 889 875 930 sensu
894 871 942 930 vel
961 873 1114 952 suffragiim
1144 876 1212 953 quia
1232 876 1274 934 iu·

92 961 98 976 ’
140 951 201 1010 aito
226 954 256 1007 et
279 953 456 1026 repugnante
478 947 600 1021 maudo,
630 947 794 1008 mirabiliter
818 950 935 1028 erigitur
959 968 1061 1030 arcana
1081 949 1137 1014 Dei
1157 955 1273 1014 virtute.

141 1028 254 1088 interea
271 1027 496 1100 meminerimus,
527 1025 603 1106 quod
624 1027 653 1086 in
674 1025 779 1088 Christi
803 1047 924 1108 persona
945 1029 1093 1109 impletum
1113 1029 1180 1106 toa,
1210 1053 1276 1113 spe·

140 1113 218 1168 ctare
235 1105 272 1166 ad
293 1107 460 1166 continuum
478 1095 558 1186 regni
577 1105 638 1166 eins
658 1126 773 1170 cursum
792 1127 884 1186 usqne
903 1107 940 1167 ad
957 1107 1044 1168 finem
1058 1111 1167 1172 mundi.
1186 1110 1275 1194 Spre-

49 1187 54 1194 “
140 1193 244 1248 veram
263 1183 410 1248 Christum
420 1183 563 1244 Ecclesiae
582 1187 720 1246 antistites
740 1185 808 1248 duur
827 1189 856 1246 in
876 1193 952 1246 terra
973 1197 1100 1250 versatus
1120 1197 1175 1250 est:
1195 1211 1275 1252 nune

140 1267 296 1405 Gagpantam
319 1271 402 1324 more
414 1264 565 1324 ‘bellantur
589 1273 688 1325 contra
707 1263 893 1345 Evangelium
917 1274 946 1326 et
966 1266 1104 1348 Spiritum
1124 1271 1172 1350 qui
1193 1271 1271 1332 Petri

139 1365 158 1408 e
214 1345 322 1414 auitae
340 1353 516 1404 successures
536 1345 698 1421 nominant,
724 1365 813 1425 quum
834 1365 952 1428 prorsus
972 1349 1028 1408 sint
1046 1348 1147 1414 Annae
1166 1357 1195 1410 et
1215 1349 1272 1410 Ca·

159 1354 171 1407 t

139 1425 250 1507 iapbae.
270 1423 359 1503 Atqui
374 1441 432 1484 non
452 1431 496 1486 est
516 1423 593 1502 qnod
613 1423 721 1484 furiosa
740 1425 812 1486 haec
830 1425 947 1486 rebellio
966 1447 1019 1488 nos
1039 1428 1201 1488 conturbet:
1222 1431 1272 1490 sed

138 1505 304 1586 suppliciter
331 1503 484 1584 adoremus
512 1501 705 1564 admirabilem
734 1497 801 1564 e'ius‘
823 1507 996 1585 potentiam,
1033 1527 1106 1587 quae
1173 1527 1271 1569 rversa

138 1585 239 1646 mundi
255 1581 359 1644 indicia
378 1583 490 1644 erardi.
530 1581 605 1644 Nam
629 1584 652 1642 si
676 1584 817 1644 rationem
836 1603 923 1663 qnam
944 1584 1025 1646 Deus
1044 1589 1073 1648 iu
1095 1593 1142 1648 tue
1164 1587 1198 1648 da
1218 1587 1271 1647 Ee-

139 1665 225 1726 elesia
244 1681 296 1724 sua
315 1669 423 1735 servab
438 1669 552 1742 caperet
570 1662 675 1742 ingenii
694 1664 786 1724 nostri
805 1663 948 1738 modulus,
968 1685 1026 1724 non
1045 1666 1128 1726 fieret
1142 1667 1271 1728 miraculi

139 1745 256 1805 mentio.
291 1740 376 1802 Unde
392 1741 553 1822 colligimus
573 1741 710 1822 operandi
729 1742 847 1802 modum
868 1762 930 1817 esse
949 1745 1271 1826 incomprehensibilem,

28 1835 67 1880 ·.
139 1824 192 1906 qui
214 1828 299 1904 cogat
322 1839 422 1882 ornnes
444 1821 585 1882 humanos
604 1839 705 1882 sensus
729 1841 904 1882 evanescere
945 1820 1100 1900 Quaeritur
1119 1835 1213 1888 tamen
1233 1847 1270 1886 an
1373 1835 1375 1848 ⁴

137 1921 254 1964 neeesse
272 1903 311 1962 sit
328 1899 474 1961 Christum
494 1900 638 1982 reprobari
657 1901 692 1960 ab
717 1901 885 1962 architectis.
925 1902 1017 1982 Atqui
1042 1903 1116 1964 male
1140 1909 1271 1985 ageretur
1318 1915 1331 1945 e

108 2049 113 2052 ,
140 2003 206 2046 enm
226 1981 350 2042 Ecclesia
370 1982 394 2039 si
413 1981 508 2040 nullos
531 1998 659 2060 unquam
683 1979 801 2042 haberet
825 1989 968 2060 pastores,
997 1984 1051 2042 uisi
1076 1983 1175 2045 salutis
1201 1991 1270 2044 suae

138 2062 275 2144 capitales
293 2061 431 2122 iuirrduos
456 2056 570 2120 Deinde
587 2058 694 2119 Paulus
716 2066 742 2122 t.
764 2059 830 2120 Cor.
841 2063 871 2133 3,
892 2065 940 2123 to.
960 2080 992 2120 se
1011 2062 1197 2123 architectum
1217 2085 1269 2124 no·

141 2148 262 2215 minans,
282 2141 364 2201 docet
384 2140 439 2200 boc
458 2159 611 2200 commune
630 2140 717 2200 luisse
736 2139 1034 2220 Apostolisonmibus
1055 2141 1188 2202 odicium.
1213 2141 1271 2203 Re-

141 2222 270 2304 spondeo
288 2222 381 2300 igitur,
401 2240 460 2280 non
480 2219 607 2280 damnari
628 2226 781 2300 perpetuae
800 2219 942 2278 caecitatis
957 2221 1120 2299 quicunque
1134 2222 1271 2301 dignitate

140 2302 250 2384 pollent
268 2300 298 2360 in
317 2299 456 2360 Ecclesia:
483 2300 534 2360 red
553 2298 693 2379 Spiritum
713 2305 844 2360 sanetum
868 2317 1020 2360 occurrere
1041 2299 1108 2360 huic
1127 2301 1269 2377 scandalo,

139 2384 222 2522 tlt
240 2380 350 2520 titt}
370 2379 511 2520 lidda
524 2378 1287 2538 ditltgltld”alitilidltathltt·

477 2503 483 2518 ·
800 2501 810 2530 s

138 2541 275 2614 illustret,
298 2539 377 2600 laxat
399 2539 511 2600 irenam
536 2537 676 2612 Satanae,
701 2545 733 2600 ut
753 2539 802 2618 qui
827 2539 994 2600 anctoritate
1013 2544 1044 2599 et
1063 2539 1182 2620 imperio
1200 2545 1271 2600 ,sunt

139 2619 272 2702 praediti,
293 2618 438 2680 Christum
457 2625 605 2699 respuant:
634 2618 682 2678 hie
701 2617 824 2699 Spiritus
844 2623 958 2678 sanctus
977 2637 1030 2678 nos
1050 2613 1159 2700 magud
1174 2613 1272 2680 auimo*

137 2719 201 2762 esse
227 2698 320 2773 iubet,
349 2705 379 2759 et
408 2697 546 2778 perversis
570 2697 707 2758 eiusmodi
730 2697 840 2757 iudiciis
865 2697 961 2758 valere
982 2699 1077 2773 iussis,
1107 2705 1271 2760 reverenter

133 2801 227 2860 quem
237 2775 527 2858 Deus'nobisilegem
547 2777 677 2858 praelicit
694 2779 849 2858 suscipere.
868 2776 979 2838 Scimus
999 2777 1079 2838 init-io
1100 2779 1269 2840 architectos

85 2869 94 2876 “
140 2861 287 2920 Christum
306 2865 434 2920 evertere
454 2865 571 2918 conatos
590 2877 661 2918 esse
681 2857 760 2918 Idem
780 2864 871 2919 aetate
886 2865 982 2918 nostra
997 2858 1111 2918 accidit:
1132 2862 1198 2940 quia
1218 2860 1268 2920 ina·

138 2942 251 3022 perium
271 2937 487 3013 Christimodis
507 2937 639 2997 omuibus
662 2945 791 2998 evertere
817 2940 911 3008 conati
935 2945 1001 2998 sunl
1026 2939 1129 3018 quihus
1151 2939 1268 3000 manda·

138 3026 202 3082 tum
221 3025 283 3078 erat
296 3017 438 3078 Ecclesiae
456 3017 591 3096 regimen,
611 3023 641 3076 et
660 3016 744 3078 hodie
764 3015 857 3078 adbuc
877 3037 1061 3101 quascunque
1081 3019 1203 3099 possunt
1221 3019 1268 3078 ad·

137 3105 258 3161 movent
281 3098 433 3158 machinas.
473 3097 531 3162 sed
552 3099 581 3156 si
605 3095 689 3156 baias
709 3099 833 3158 vaticinii
858 3099 993 3158 memoria
1013 3097 1095 3156 nobis
1115 3107 1270 3176 succurrat,

57 3231 59 3236 .
138 3179 211 3240 adeo
231 3197 290 3240 nou
309 3178 434 3238 labascet
452 3176 523 3238 tides
542 3182 654 3250 nostra,
678 3181 712 3236 ut
730 3178 820 3256 magis
839 3195 874 3235 ae
893 3177 982 3256 magis
1002 3177 1170 3238 stabiliatur:
1202 3181 1270 3260 quia

138 3259 206 3320 inde
229 3259 328 3320 melina
352 3263 547 3318 comiatum
569 3275 688 3336 regnare
712 3255 858 3317 Christum
883 3255 1029 3315 bominum
1060 3257 1192 3332 arbitrio,
1222 3261 1270 3320 vel

139 3337 245 3402 muniri
269 3338 388 3399 terrenis
412 3335 557 3408 subsidiis,
587 3337 670 3396 sicuti
689 3335 837 3415 imperium
859 3355 917 3394 ιιοιι
937 3341 980 3394 est
999 3334 1118 3414 adeptus
1138 3335 1270 3398 humanis

139 3419 294 3498 suffragiis:
308 3417 417 3488 interea
437 3418 461 3476 si
481 3414 571 3496 probe
590 3413 740 3474 aedificant
759 3413 915 3484 architecti,
931 3433 969 3472 eo
989 3416 1082 3475 minus
1103 3418 1271 3478 excusabilis

34 3545 41 3554 .
139 3481 1113 3576 eriteernmmalitiaqnisenonpermitlenteptarisacroaedilicio.
1135 3493 1270 3557 Ceterum
1309 3551 1315 3566 ,

139 3581 251 3658 quoties
270 3577 326 3639 hoe
344 3577 511 3644 mutationis
536 3595 638 3654 genere
663 3573 859 3654 probabimur,
889 3593 1001 3653 semper
1024 3577 1054 3633 in
1078 3581 1202 3634 mentem
1224 3597 1270 3636 re·

137 3659 210 3734 nial,
239 3657 355 3717 minime
380 3674 505 3734 aequum
529 3673 592 3714 esse
616 3653 765 3734 gubernari
788 3649 944 3714 Ecclesiam
968 3674 1021 3734 pro
1046 3663 1132 3734 captu
1162 3655 1271 3730 ndstra,
1353 3711 1356 3716 .

137 3739 188 3798 sed
213 3737 390 3817 incognitum
413 3735 496 3818 nobis
521 3753 584 3796 esse
607 3736 667 3795 eius
692 3753 723 3796 re
742 3734 832 3794 tmen:
863 3735 929 3814 quia
962 3733 1041 3813 quod
1065 3733 1100 3794 fir
1123 3737 1295 3809 miraculo,¹

136 3837 195 3876 non
215 3821 311 3896 potest
329 3836 347 3876 a
366 3813 448 3876 nobis
467 3813 686 3893 comprehendi:
711 3755 799 3890 Cnosi
819 3821 918 3894 postea
938 3815 1080 3893 seqnitur:
1100 3817 1175 3874 diem
1194 3820 1272 3878 Ῑιιιιιο
1293 3865 1296 3882 .

133 3899 253 3975 suctum
272 3917 332 3955 erse
350 3919 371 3954 o
383 3897 457 3967 Deo,
476 3894 610 3954 admonet
629 3895 789 3955 mertileras
810 3893 941 3954 tenebras
980 3897 1089 3965 cassari,
1110 3895 1201 3954 donec
1219 3916 1272 3975 per

137 3993 224 4033 suum
242 3971 431 4053 Evangelinnr
450 3975 566 4034 illuceat
584 3973 629 4034 sul
648 3975 770 4032 iustitiae
790 3972 930 4032 Christus.
957 3915 1050 4033 {imni
1070 3974 1154 4033 eliam
1174 3995 1271 4036 mone·
1324 4037 1327 4044 Δ

136 4071 205 4134 mur
224 4051 345 4114 adscribi
364 4053 421 4114 hoc
440 4071 515 4133 epus
534 4050 609 4124 Deo,
629 4054 748 4133 nequid
768 4071 837 4113 auae
856 4053 1010 4112 industriae
1029 4061 1162 4132 arrogent
1181 4055 1272 4114 homi·

136 4151 197 4193 nes.
227 4130 398 4192 Exhortatio
417 4131 453 4191 ad
474 4131 705 4211 gratulationem,
729 4152 803 4212 qnae
822 4153 893 4194 mox
912 4133 1056 4211 sequitur,
1075 4130 1134 4192 huc
1153 4141 1271 4214 spectat,

136 4211 319 4273 neeedamns
334 4203 609 4280 bestiamvesaniae,
629 4215 811 4290 quantumvis
831 4212 1049 4282 tumultuentur,
1069 4213 1106 4271 ad
1125 4219 1272 4276 excutien-

136 4292 207 4352 dum
226 4291 309 4352 nobis
332 4291 468 4374 gandium
492 4289 571 4371 quud
591 4287 722 4352 Christus
745 4291 853 4352 attalitr
873 4289 947 4350 Num
973 4311 1063 4370 qaum
1087 4299 1149 4354 tola
1172 4303 1271 4356 nostra

134 4371 254 4456 felicitas
273 4372 443 4449 indetiaat,
462 4372 566 4435 mirum
585 4383 651 4432 uon·
663 4377 721 4448 est,
746 4372 875 4454 quamvis
895 4370 1021 4443 tremam
1037 4388 1072 4456 ao
1090 4373 1273 4457 indignentur
