2862 4888
515 257 555 294 ra
591 257 608 294 r
621 261 638 310 ,s
656 259 671 294 a
691 257 752 296 un.
768 231 873 298 'annin
1233 262 1268 316 71

119 379 262 458 sipetioni
281 375 439 440 nmedinm
459 377 567 438 alterat.
609 363 733 455 Quidam
756 377 873 438 verbum
894 390 1073 454 cereocrtcre,
1097 381 1178 441 aliter
1197 389 1267 444 arcei-

120 462 218 536 piunt.
240 459 299 516 acsi
320 464 451 537 peterent
469 457 561 517 al)eo
582 457 679 518 fideles
698 457 836 536 Spiritum
858 461 1087 538 regenerationis.
1120 459 1179 522 Sed
1200 464 1267 541 quia

119 539 148 598 id
170 539 260 598 nimis
280 557 312 596 ar
334 547 415 596 utam
436 545 489 608 est,
508 541 635 598 contenti
655 539 744 598 sbuus
764 539 857 616 priore
879 538 927 598 ille
946 558 1042 614 sensu,
1061 538 1158 600 fideles
1179 543 1268 622 magis

119 617 248 676 aillictno
267 559 412 691 adllennr
434 615 595 695 torrlugere,
616 619 698 676 cuius
718 617 865 695 proprium
886 623 929 676 eat
948 620 1034 688 vitam
1055 619 1172 680 reddere
1191 641 1266 680 mor·

120 699 189 756 tuis.
222 695 285 756 lam
305 697 390 757 sicuti
408 697 534 758 latentur
553 697 695 756 malorum
707 698 843 760 amntem
865 695 937 756 bunc
957 717 1019 756 esre
1039 719 1168 770 causam,
1187 701 1266 780 quod
1310 754 1313 766 ,

122 775 206 834 Deus
238 777 366 839 offensus
396 775 494 836 faciem
519 774 713 838 absconderit:
741 777 781 837 ita
808 795 919 839 rursum
945 777 1058 857 plenam
1084 777 1205 840 salutem
1229 779 1265 840 ab

119 858 209 914 unico
231 854 289 914 Dei
310 855 408 914 lavore
428 861 601 934 exspectant.
633 853 711 913 llaec
731 855 889 934 (inquiunt)
910 875 977 915 vera
996 857 1051 916 erit
1070 855 1152 916 nobie
1173 877 1264 917 resur·

120 937 231 1008 rectio,
259 937 286 994 ci
304 934 393 996 modo
413 936 498 994 iacies
519 942 569 994 tua
588 932 671 994 nubis
691 934 824 1008 illuceat,
842 935 899 995 arsi
920 935 1059 1010 dicerent,
1087 953 1119 996 ee
1138 939 1264 1020 propitio

119 1022 150 1075 et
171 1015 290 1086 favente
310 1013 375 1076 Deo
395 1013 493 1074 beatos
513 1013 584 1090 iore,
604 1012 714 1096 sibique
734 1016 828 1074 omnia
849 1015 966 1076 feliciter
985 1035 1105 1076 emuna

212 1213 245 1279 5.
281 1211 397 1281 lehova
426 1211 516 1280 Deus
544 1214 743 1282 exercituum
768 1237 938 1306 quousque
970 1213 1105 1282 fumabis
1132 1215 1165 1282 in
1195 1240 1263 1283 ora-

119 1319 209 1386 tione
239 1319 350 1411 populi
379 1318 447 1386 tui?
490 1319 521 1386 6.
557 1317 674 1416 Cibasti
701 1313 761 1386 nos
785 1343 865 1412 pane
887 1317 1112 1410 lacrymarum,
1140 1331 1173 1390 'et
1193 1345 1264 1412 pto
1315 1319 1318 1334 '

118 1425 237 1518 pinanti
271 1426 304 1492 in
337 1425 482 1518 lacrymis
515 1425 649 1516 copiam.
695 1425 726 1494 7.
760 1425 897 1493 Posuisti
931 1450 991 1494 nos
1025 1425 1126 1494 marn
1153 1427 1263 1494 vicinis

118 1531 248 1616 nostris,
273 1541 305 1599 et
326 1531 442 1599 inimici
465 1531 563 1598 nostri
586 1531 886 1622 subsannant-apud
908 1555 952 1599 se.
998 1533 1030 1600 8.
1064 1532 1154 1600 Deus
1176 1549 1262 1600 exer·

119 1641 243 1705 rituum
272 1626 423 1706 converte
450 1661 527 1720 nos,
560 1647 594 1706 ct
628 1637 675 1704 lac
706 1637 812 1706 lucere
846 1637 958 1706 ladem
990 1649 1093 1724 tuam,
1114 1621 1158 1708 =et
1184 1637 1262 1707 salvi

119 1767 250 1812 eremus

179 1889 229 1952 .5.
252 1889 364 1950 [abaco
383 1887 474 1948 Deris
500 1885 600 1966 Quum
622 1887 704 1950 ultro.
717 1887 864 1968 promittat
883 1885 965 1950 Deua
984 1894 1015 1950 et
1032 1887 1117 1950 toties
1135 1889 1261 1952 affirmet

116 1989 178 2030 non
202 1970 283 2028 irrita
310 1968 371 2027 lore
401 1987 519 2028 errorum
551 1976 632 2042 vote,
662 1969 767 2030 mirum
792 1976 834 2028 cst
860 1989 912 2030 cur
936 1989 994 2030 non
1019 1969 1151 2030 obiiciant
1170 1969 1260 2030 sancti

117 2049 172 2108 sibi
192 2068 256 2108 ease
276 2045 499 2127 implacabilem,
529 2055 673 2130 utcunque
699 2047 734 2108 ad
761 2067 826 2108 cunt
847 2047 1020 2128 confugiunt.
1061 2046 1162 2129 Neque
1182 2051 1257 2108 eninr

118 2135 230 2188 tantum
252 2134 412 2208 queruntur
431 2145 462 2187 ae
480 2147 539 2188 non
559 2129 695 2204 exaudiri,
716 2127 765 2188 sed
782 2127 877 2186 Deum
897 2128 1007 2188 lemare
1026 2124 1075 2186 ubi
1095 2128 1258 2206 invocatpr:

121 2210 183 2268 acsi
200 2207 265 2267 data
286 2225 373 2286 opera
394 2205 450 2266 bue
489 2207 581 2270 ietatis
601 2205 728 2268 cilicium
747 2214 904 2287 respueret.
944 2205 999 2266 Ubi
1019 2205 1104 2285 igitur
1124 2207 1172 2266 illa
1192 2228 1256 2288 pro·
1293 2225 1296 2232 ·

123 2288 219 2348 missio
238 2286 370 2358 tereto,
386 2285 434 2348 ‘24-
482 2293 616 2366 mereare
637 2286 830 2354 clamaverint,
849 2305 904 2365 ego
923 2283 1094 2346 exaudiam?
1113 2283 1171 2346 Sed
1191 2288 1257 2366 quia
1310 2277 1314 2292 '

122 2365 201 2426 Deus
220 2368 360 2427 auxilinm
380 2384 465 2429 suune
485 2365 625 2440 differens,
651 2386 767 2424 suorum
787 2365 951 2446 patientiam
971 2370 1095 2436 exercet,
1115 2384 1152 2424 ex
1172 2383 1257 2426 censu
1283 2416 1285 2430 .

121 2447 213 2541 earnis
233 2447 302 2506 dicit
322 2443 464 2526 Propbcta
484 2467 549 2541 eune
570 2465 632 2506 csse
651 2445 767 2538 surdum
788 2445 823 2502 ud
846 2463 955 2537 preces:
975 2463 1034 2537 pon
1055 2444 1132 2538 qnod
1154 2444 1183 2502 in
1203 2443 1257 2506 bae

119 2545 255 2680 ttttt
278 2525 796 2684 ttffittttttt‘tottila
815 2522 1256 2682 ttttttttttttttt

118 2687 233 2744 coelum
258 2690 403 2764 oporteat,
433 2685 481 2742 ubi
507 2685 648 2750 occultam
674 2683 794 2756 salutem
819 2690 949 2742 cernant:
972 2679 1051 2741 Deus
1076 2689 1170 2740 tamen
1192 2703 1254 2762 pcr-

117 2767 218 2838 nrittit²
243 2784 301 2843 quo
321 2772 475 2827 exonerent
494 2767 604 2824 animos
624 2782 706 2838 suec,
726 2782 825 2834 curas,
845 2761 1073 2836 sollicitudinem,
1093 2761 1205 2822 dolores
1225 2767 1254 2822 et

117 2853 212 2906 metus
233 2843 337 2924 quibus
357 2851 512 2922 anguntur,
537 2845 566 2902 in
593 2843 715 2913 medinm
737 2841 872 2922 prolerre.
913 2840 1033 2900 Videtur
1052 2847 1147 2902 eutem
1167 2841 1253 2900 tacite

117 2945 181 2984 esse
200 2923 302 2984 allusio
322 2921 524 2986 interlunium
544 2925 602 2991 iroe
622 2921 687 2992 Dei,
706 2930 736 2982 et
755 2921 883 2980 suffitum
923 2921 952 2980 ui
971 2919 1114 2980 sacrificiis
1140 2919 1253 2980 adbibe-

117 3005 206 3064 batur
235 3003 288 3064 sub
312 3001 397 3084 Ipege.
438 3001 537 3080 Quum
566 3002 642 3062 eninr
667 3001 712 3062 lric
738 3001 774 3062 ad
798 2942 976 3081 purgandum
1002 3000 1114 3062 coelum
1134 3000 1253 3074 valeret,

118 3092 278 3164 queruntur
302 3083 414 3159 diverso
438 3083 517 3153 fumo
542 3081 672 3145 tenebras
695 3080 820 3156 offundi,
848 3099 885 3140 ue
909 3079 945 3140 ad
965 3077 1062 3142 Deum
1085 3081 1253 3161 perveniant

116 3166 162 3224 sui
201 3166 312 3222 emitus.
496 3209 505 3228 ,
700 3203 702 3208 .
1196 3157 1201 3170 '

181 3186 228 3304 gti.
260 3243 371 3302 Ctduatt
388 3261 451 3305 noe.
491 3239 537 3311 ille
577 3239 714 3303 itudinem
735 3237 848 3312 doloris,
869 3245 899 3299 et
917 3238 1035 3320 longum
1055 3237 1250 3310 etiammalo·

119 3343 184 3382 rum
210 3329 333 3382 tractum
357 3321 401 3380 bis
426 3321 529 3402 tequea
553 3323 561 3380 i
586 3321 677 3380 modis
702 3323 879 3400 exprimunt:
909 3319 966 3377 acsi
987 3319 1111 3381 elicerent
1131 3316 1162 3380 se
1182 3338 1258 3379 cunm

118 3404 209 3480 [cetos
232 3401 317 3460 fuisse
343 3402 454 3465 tristitia
479 3401 624 3480 usquead
644 3419 784 3460 summam
804 3399 969 3473 satietatem.
1010 3395 1111 3458 Postea
1133 3397 1250 3471 addunt,

118 3503 149 3541 sc
169 3490 202 3544 tn
221 3489 432 3542 conluuionem
451 3490 554 3545 vicinia
570 3481 666 3559 fuisse
685 3481 781 3554 datos,
808 3478 886 3556 quod
907 3477 1038 3538 bilariam
1055 3483 1149 3556 potest
1168 3477 1248 3536 intel·

119 3561 184 3640 ligi,
203 3561 250 3622 rel
275 3561 352 3640 qued
376 3561 461 3621 rixati
485 3579 551 3625 cum
576 3559 644 3638 ipsis
669 3558 754 3619 vieini
779 3557 897 3618 fuerint:
926 3557 973 3618 vel
997 3557 1075 3638 quod
1100 3557 1249 3617 victoriam

119 3641 227 3722 adepti,
252 3639 455 3700 contenderent
479 3637 514 3700 de
540 3637 656 3716 praeda,
681 3644 713 3696 ut
737 3635 799 3704 beri
824 3639 896 3698 solet
920 3637 990 3696 dum
1037 3637 1134 3716 uisque
1158 3635 1249 3715 spolia

119 3721 154 3780 ad
179 3740 211 3782 ee
233 3738 334 3798 rapere
357 3719 474 3797 appetit
514 3713 598 3778 Prior
617 3726 711 3776 tamen
731 3736 830 3776 sensus
849 3715 961 3776 videtur
978 3658 1080 3776 rudius
1100 3715 1249 3795 quadrare,

121 3809 151 3858 ut
171 3805 325 3879 querantur
344 3797 462 3860 totidem
482 3796 535 3858 eibi
555 3797 650 3856 baeles
675 3795 775 3870 luisse,
799 3804 871 3874 quot
890 3797 1012 3864 vicinos,
1037 3815 1127 3874 quum
1152 3800 1271 3854 tamen·

118 3889 232 3940 mutuae
256 3877 469 3940 benevolentiae
493 3877 637 3936 vinculum
663 3875 763 3936 debeat
787 3895 849 3936 creo
871 3877 933 3956 ipsa
958 3877 1093 3934 vicinitus.
1139 3869 1248 3932 Eodem

22 3971 26 3986 ¹
91 4028 95 4036 Ι
119 3959 239 4038 pertinet
257 3957 412 4018 secumdum
432 3955 599 4028 membrum,
618 3958 715 4016 ridere
733 3958 816 4036 operit
834 3978 878 4028 se,
894 3954 948 4012 hoe
967 3960 1020 4025 est,
1041 3953 1075 4010 de
1095 3951 1178 4010 rebus
1198 3951 1246 4012 ad·

117 4038 205 4098 emis
220 4037 296 4098 ultro
312 4045 341 4096 et
357 4039 427 4096 citro
443 4057 493 4118 per
507 4038 601 4097 iocum
614 4043 643 4096 et
657 4035 809 4097 ludibrium
829 4036 902 4094 inter
919 4054 950 4092 se
964 4031 1091 4092 fabulari.
1112 4031 1247 4108 §eruum

116 4115 239 4176 hoeDei
257 4117 360 4178 iudicio
380 4115 550 4194 adscribunt,
570 4115 599 4176 in
618 4117 699 4176 enine
718 4135 805 4174 manu
824 4121 868 4172 est
886 4113 1000 4172 llectere
1019 4109 1165 4168 lominum
1186 4110 1247 4180 ani,-

116 4217 188 4270 mos,
208 4203 242 4254 ut
260 4193 423 4280 hoe‘modo
443 4217 474 4254 se
488 4195 522 4259 ed
537 4195 739 4276 poeniteutiam
752 4193 907 4257 hortentur.
929 4189 1027 4268 Quum
1039 4209 1107 4248 vere
1118 4187 1246 4248 eiusdem

115 4277 199 4338 bodie
220 4281 315 4346 reatus
334 4276 423 4335 simus
442 4272 524 4334 uobis
542 4275 656 4346 conscii,
675 4294 733 4332 uon
753 4274 855 4334 mirum
875 4278 918 4332 eet
937 4272 961 4330 si
979 4267 1069 4330 uibilo
1089 4270 1172 4329 etiam
1187 4287 1245 4330 me·

114 4357 168 4418 lior
187 4361 234 4418 eat
251 4360 351 4424 nestra
370 4355 503 4419 conditio.
543 4353 599 4428 Sed
625 4374 714 4434 quum
734 4351 856 4414 sormam
873 4351 947 4412 bane
966 4347 1099 4432 precandi
1114 4345 1178 4410 lere
1197 4347 1244 4410 de·
