2890 4886
562 262 871 306 ιιιιιιιι.ιι.οι.
1229 269 1280 328 231
1341 292 1346 306 ,

146 383 234 455 ditio,
258 401 363 448 carum
371 390 516 464 rotpertu-
552 381 635 448 Unde
654 386 784 466 requitur
801 385 950 450 discrimen
969 389 1000 448 hr
1019 386 1076 448 Det
1095 407 1191 452 rmore
1210 411 1282 468 etse,
1379 432 1385 444 ·

145 472 177 526 et
195 463 305 526 iontem
331 462 472 543 diguitatis
496 483 560 526 osae
583 467 748 543 gratuitum.
789 462 929 544 Quamvis
954 488 1022 548 ergo
1042 465 1123 529 Deus
1146 468 1281 534 iuretur

84 567 95 574 -
145 542 293 626 presideat
311 549 402 604 tutem
422 550 540 616 terrum,
569 544 639 622 dicit
657 546 796 626 populum
817 566 906 608 unum
925 545 979 608 ribi
998 549 1153 644 sumpsisse
1172 550 1202 610 in
1222 571 1280 632 quo

146 627 290 704 regnaret.
330 621 378 684 Ad
402 641 596 704 unoquoque
620 621 705 684 hodie
729 625 850 706 pertinet
868 619 940 688 hoec
959 627 1142 689 admonitio.¹
1163 627 1282 694 Nemsi

72 725 75 728 ·
147 701 426 782 prohevocationem
440 711 565 765 nochero
585 703 781 784 expendimus,
800 712 877 766 certe
896 707 1070 788 reperiemus
1089 729 1149 769 non
1168 709 1280 770 aliunde

144 783 293 844 inductum
314 781 402 844 iuhse
420 779 516 847 Deum
535 789 569 844 ut
587 803 641 846 noe
659 782 721 844 aliis
745 783 914 865 praesumi,
939 785 990 848 scd
1013 805 1092 850 mera
1115 807 1166 852 tua
1190 790 1280 870 gratia

144 861 232 924 tuoe
249 867 426 924 contentum.
601 875 626 936 ,’
1238 925 1247 943 ,

227 943 256 1004 8.
275 943 465 1006 Recordatur
483 951 536 1004 ert.
575 937 660 1004 Nunc
678 942 785 1004 realem
805 943 851 1023 (ut
870 944 1279 1025 vocant)ioede1iseticctum

145 1019 342 1085 commendate
357 1028 454 1116 Ιιιφιο
478 1041 516 1117 ex
534 1021 733 1118 redemptione·
749 1021 853 1118 probat
870 1021 949 1105 quod
968 1025 1046 1106 prim
1066 1025 1152 1102 dixit,
1171 1025 1278 1104 Deum,

52 1251 59 1265 Ι
141 1099 938 1264 ἓῖηιᾘιιῇῗέιέιέἑωὲἒῗὲὲἶηῖἕιξὲ,6ᾖῖῗῖὖί
953 1111 1179 1246 ιὲἒίιῗῒιιιᾜαιιιῑ
1228 1125 1279 1246 edd
1319 1230 1322 1238 ,

144 1261 177 1320 in
196 1258 363 1320 redimendo
383 1260 507 1341 populo,
531 1259 638 1322 brachii
658 1262 702 1322 sni
722 1261 858 1325 virtutem
878 1259 972 1348 polum
990 1268 1035 1324 tot
1053 1264 1197 1326 miraculis
1215 1263 1278 1326 illu·

144 1339 293 1415 straverit,
318 1339 373 1400 nisi
398 1346 432 1400 ut
449 1339 536 1402 iidem
555 1339 625 1410 olim
644 1341 734 1400 servis
752 1341 811 1404 euin
831 1341 926 1406 datam
944 1343 1119 1423 praestaret?
1158 1341 1279 1406 consto

142 1418 230 1499 tutor
253 1417 403 1498 entiquum
425 1419 527 1484 lneduo
551 1420 754 1501 redemptionis
780 1421 867 1482 tuisse
891 1441 1020 1496 mosum:
1051 1423 1118 1517 quia
1137 1429 1172 1484 ut
1191 1443 1279 1484 verax

144 1504 220 1561 erret
237 1495 319 1560 Deos
339 1498 714 1580 interumpuntur,
742 1507 809 1562 ente
831 1503 961 1596 oportuit
978 1501 1189 1567 misereordem
1209 1523 1277 1564 esee.

144 1576 223 1656 Quia
241 1597 312 1640 vern
331 1573 420 1651 ionga
439 1597 582 1640 annornm
601 1579 689 1640 serice
707 1579 830 1641 duxerat
854 1587 929 1644 mter
952 1581 1171 1661 promissionem
1190 1589 1221 1645 et
1239 1579 1278 1644 ei·

141 1657 266 1734 lectum,
295 1657 465 1722 recordandi
488 1657 576 1720 verho
600 1659 690 1725 utitur
711 1656 868 1740 Propheta:
898 1661 958 1722 acsi
982 1659 1085 1722 diecret
1109 1681 1169 1725 nou
1195 1660 1280 1723 obso-
1371 1661 1376 1672 '

142 1738 251 1800 testem
274 1737 362 1818 louge
386 1740 524 1820 temporis
548 1745 641 1800 tractu
662 1736 718 1800 Dei
741 1740 957 1821 promissiones,¹
985 1739 1036 1810 sed
1060 1740 1130 1806 dum
1154 1742 1279 1812 mondus

144 1817 236 1878 oedtt
255 1836 303 1886 eas
322 1836 384 1878 erre
403 1819 558 1894 extinctas,
581 1818 628 1880 vel
648 1818 792 1880 oblivione
811 1819 918 1884 deletae
938 1819 966 1880 vi
987 1839 1036 1900 ern
1054 1839 1151 1882 earum
1172 1841 1277 1882 merno-

142 1898 216 1958 riam
236 1916 332 1960 coram
352 1893 434 1972 Deo,
456 1905 490 1958 ut
509 1917 557 1959 ece
578 1905 741 1979 opportune
759 1899 889 1981 impleat,
910 1841 987 1980 qnod
1007 1899 1109 1961 metius
1129 1899 1280 1970 confirmet

142 1977 278 2058 proximo
301 1976 445 2052 membro,
476 1977 525 2039 uhi
548 1997 562 2038 s
585 1980 744 2039 mmetrinm
768 1984 798 2038 et
822 1997 992 2042 consensum
1012 1977 1110 2038 laudat
1128 1981 1202 2040 inter
1220 1975 1276 2040 ior·

140 2075 220 2118 mam
240 2059 316 2136 pacti
334 2063 365 2116 et
383 2058 524 2120 effectum.
577 2077 615 2119 on
634 2055 670 2124 od
691 2057 766 2120 diem
782 2077 881 2130 urum,
900 2057 1002 2154 impuli,
1021 2059 1067 2118 vel
1079 2055 1277 2138 paucosDeus

140 2137 250 2218 pepigit
267 2155 335 2197 euru
352 2133 508 2214 Abraham,
527 2155 620 2218 neque
638 2137 724 2198 ctiam
743 2136 827 2198 ιιιιῐιιι
846 2135 969 2200 hominu
984 2138 1042 2198 vita
1062 2136 1153 2199 linivit
1169 2136 1276 2204 foedus
1387 2163 1391 2170 ·

141 2233 242 2291 enum,
270 2214 319 2276 sed
342 2215 371 2278 iu
391 2216 469 2279 mille
488 2235 579 2296 usqne
597 2216 796 2296 generationes
815 2216 947 2356 promisit
965 2236 996 2276 se
1015 2214 1112 2277 Deum
1131 2215 1194 2278 lore
1214 2216 1276 2277 eius

141 2296 272 2378 posteris.
311 2293 388 2376 Ergo
407 2297 538 2377 quamvis
557 2296 608 2357 diu
627 2313 797 2376 suspensum
830 2297 903 2356 uerit
922 2295 1173 2375 complementum,
1193 2293 1275 2358 Deuc

141 2383 239 2436 temen
258 2376 369 2457 reipsa
388 2376 512 2439 ostendit
527 2381 669 2436 vetustate
688 2392 748 2436 non
769 2373 870 2434 cottabi
881 2375 928 2436 vel
946 2374 1063 2436 effluere
1081 2373 1168 2450 fidem
1187 2395 1284 2438 ruam>

140 2451 241 2514 Porro
254 2456 320 2536 quia
340 2453 495 2530 Abraham,
527 2475 618 2536 quum
636 2455 791 2535 permistus
810 2459 885 2516 esset
903 2451 1070 2528 idololatris,
1098 2456 1208 2536 primns
1228 2477 1279 2514 vo·

96 2535 117 2568 .·
140 2540 223 2594 catus
242 2542 299 2600 estc
318 2535 384 2601 ideo
403 2534 439 2631 ab
458 2537 522 2610 eins¹
539 2553 660 2630 persepe
679 2531 826 2630 Propheta
845 2534 953 2616 incipit.
980 2531 1038 2592 Sed
1056 2541 1157 2671 postea
1176 2535 1206 2630 in
1225 2533 1278 2595 tilii

140 2621 544 2776 retrochoro
560 2613 1278 2788 chusarcommiscerer
1313 2697 1316 2702 -
1351 2761 1352 2766 ψ

140 2792 173 2834 ee
191 2772 255 2834 dore
264 2772 361 2834 Deum
381 2774 495 2836 seminis
514 2776 585 2835 eiur.
605 2772 664 2836 Sed
685 2792 744 2855 que
765 2774 870 2834 certior
889 2777 1033 2834 constaret
1052 2771 1133 2849 fides,
1152 2779 1279 2854 repetere

141 2852 234 2916 voluit
254 2872 320 2933 erga
339 2852 418 2938 isaac
436 2860 467 2916 et
485 2853 587 2916 lecoh:
613 2853 681 2914 iacit
705 2853 781 2914 enim
800 2853 865 2914 talir
885 2853 1052 2935 propagatio
1072 2857 1104 2912 ut
1123 2851 1207 2928 altius
1227 2851 1277 2912 ho·
1305 2857 1324 2929 '-

140 2934 253 2994 minum
272 2933 406 2996 eordibua
425 2933 546 2998 inrideat
564 2931 621 2994 Dei
641 2933 761 2994 veritos:
792 2932 893 2994 deinde
912 2939 945 2992 ut
963 2933 1060 3002 notior
1079 2932 1117 2993 eit
1132 2951 1170 3010 ¹ac
1188 2933 1279 3014 magis

95 3017 110 3072 '.
141 3011 261 3074 celebris
271 3011 326 3074 Dei
344 3015 444 3092 proha,
463 3013 591 3094 repetitio
610 3011 720 3074 vicibus
740 3013 853 3094 saepius
873 3017 985 3090 testate,
1005 3009 1126 3094 ideoque
1146 3032 1197 3093 per
1216 3029 1277 3092 grn-

141 3093 196 3154 dne
219 3094 389 3174 exprimitur
413 3110 500 3172 quam
525 3092 607 3154 firma
631 3091 668 3152 eit
691 3091 827 3152 stabilitas
851 3093 927 3152 illiue
946 3091 1081 3168 foederis,
1111 3111 1180 3153 num
1220 3091 1279 3152 u'od

140 3172 177 3235 de
196 3172 315 3252 surgetis
334 3171 507 3242 Patrimchis
533 3172 650 3246 dicitnr,
674 3189 817 3252 perteque
840 3171 879 3233 ut
900 3191 1002 3238 omnes
1025 3171 1158 3252 pertinet.
1198 3113 1278 3232 dicit

139 3251 287 3333 Propheta
306 3250 401 3314 Deum
421 3253 529 3320 torrere
548 3251 602 3334 ipsi
621 3249 714 3314 haec:
740 3269 836 3322 aunon
861 3252 941 3332 prius
960 3251 1104 3312 iuraverat
1123 3249 1277 3314 Abrahae?

139 3331 206 3394 Hoc
226 3339 302 3397 reric
320 3331 540 3415 extcafdttltium
559 3337 611 3397 est.
631 3328 711 3392 Dicit
729 3331 891 3396 :taddeum
900 3333 1004 3413 juisse
1023 3353 1098 3412 ergo
1117 3331 1210 3392 Iacob
1229 3333 1277 3398 de·
1385 3339 1391 3364 t

138 3420 214 3476 crrtt
227 3415 307 3500 Uber,
325 3419 356 3474 et
374 3408 404 3479 id
417 3411 525 3478 rostra
546 3417 725 3494 perpetuum.
744 3409 793 3474 An
813 3409 892 3490 qood
907 3407 1121 3550 tempprnhvel
1135 3410 1276 3472 caducum

139 3495 221 3574 prius
240 3493 325 3555 tuerit
344 3491 453 3568 sudu,
473 3497 593 3573 ethrnc
610 3497 743 3558 natricem
763 3490 935 3555 mutaverit?
993 3509 1028 3548 oc
1047 3508 1165 3569 prorsus
1183 3508 1275 3548 remo·

137 3580 203 3634 tam
222 3578 302 3632 ecta
322 3571 483 3652 Prophetae
502 3571 629 3653 condito
659 3569 719 3638 Scd
738 3569 856 3644 diversit
875 3567 1010 3649 loquendi
1031 3569 1140 3644 formis,
1160 3567 1274 3648 plenam

137 3659 168 3714 et
186 3653 307 3715 relidam
327 3651 570 3715 confirmationem
589 3649 702 3716 nouerit:
722 3656 756 3710 nt
773 3647 887 3722 silorte
901 3649 932 3710 in
948 3667 1006 3708 uno
1022 3646 1137 3710 homine
1155 3647 1276 3710 obscure

135 3739 212 3795 erret
231 3732 361 3808 vando,
374 3731 438 3812 plus
457 3731 530 3797 lucis
553 3729 702 3804 recederet
728 3748 766 3792 ex
831 3729 934 3798 ocius
954 3729 1146 3791 testimonium
1167 3727 1202 3788 ed
1244 3747 1272 3787 ο·

136 3818 231 3876 atoma
249 3811 458 3908 trenamiperet:
484 3813 552 3892 quie
571 3809 628 3872 hoc
645 3809 732 3905 modo
752 3749 853 3882 reddre
873 3814 935 3868 rata
954 3805 1089 3905 iuitpius
1109 3806 1189 3868 tider.
1219 3748 1274 3866 dic

134 3909 392 4034 lidelmi
408 3885 1274 4046 ttthdht'uttttttttttttttttt

132 4049 220 4114 mtto
241 4049 394 4116 confirmat
457 4049 494 4112 od
518 4050 608 4113 semel
633 4050 778 4130 pollicitus
801 4055 854 4126 est
893 4045 963 4126 Quo
983 3988 1093 4118 noddo
1112 4053 1157 4107 est
1176 4051 1277 4106 nostra.
1307 4117 1312 4138 .

133 4129 310 4211 ingratitudo
334 4129 403 4192 dum
435 4128 513 4196 dem
537 4129 708 4210 arrogamus
730 4148 790 4190 non
815 4128 946 4209 loquenti
974 4125 1076 4202 modo,
1106 4126 1157 4186 scd
1187 4127 1274 4186 etiam

131 4210 250 4274 iurnuti.
559 4219 561 4226 '

214 4292 265 4353 11.
283 4284 429 4362 Dicendo,
451 4289 521 4356 Titi
539 4289 622 4352 dudo.
653 4285 754 4367 Quum
773 4285 846 4356 haee
865 4287 969 4368 exigua
988 4285 1074 4346 inerit
1094 4281 1189 4366 portio
1208 4301 1271 4363 prn-

133 4368 190 4432 tiro
209 4367 344 4432 Pambos
362 4367 488 4444 oblatae,
514 4367 625 4430 videtur
643 4367 789 4450 Propheta
810 4369 894 4430 nimis
915 4371 1034 4448 angusta
1053 4363 1197 4432 includere
1216 4359 1273 4424 Dei
1334 4443 1346 4467 1
