2862 4888
192 307 258 362 73.
381 255 383 276 ι
615 303 899 344 senutrues

194 417 269 488 eem‘:
299 427 367 508 quia
387 433 420 485 ut
441 445 555 498 manus,
580 423 681 506 pedes,
706 424 819 498 oeulos,
845 443 933 505 seque
957 431 1034 486 totos
1053 425 1096 486 illi
1114 405 1282 488 consecrent
1298 404 1343 488 in¹
1426 467 1427 477 ο

195 509 373 588 obsequium,
393 525 507 565 neeesse
527 512 571 565 est
590 505 625 563 ab
646 503 761 564 auribus
780 505 913 584 incipere,
933 510 1020 584 etque
1039 507 1079 565 iia
1094 506 1219 567 ostendit
1232 509 1328 568 nulloe

79 687 81 690 -
138 675 139 681 κ
193 584 1327 726 ⁶⁰·itttttltittiittt⁶⁵⁸tt¹¹lttlsittttttltttlli

194 685 401 826 &riedapostcg
421 732 557 824 sequitur,
577 746 678 803 Israel
695 733 722 802 si
740 684 871 804 godino
890 765 944 818 me,
963 749 1035 824 puto
1055 744 1174 826 abrupte
1194 765 1256 805 esse
1270 739 1326 842 po·

194 831 352 898 silum‚=ut
376 825 405 882 iu
431 822 605 882 orationibus
630 822 793 904 palbebris,
816 821 943 882 deiectum
962 825 1099 884 maiorem
1118 824 1327 892 vehementiam

92 963 93 973 ,
193 906 336 987 exprimit.
367 903 426 964 Alii
445 909 602 960 contexunt
620 921 687 960 eum
706 921 791 962 versu
811 904 954 982 sequenti,
979 903 1066 964 lsrael
1085 905 1110 964 si
1127 923 1175 964 me
1193 905 1327 980 audieris,

186 997 252 1047 ‘aon
272 987 327 1044 erit
345 985 375 1043 iu
390 973 424 1041 'te
444 979 524 1041 Deus
543 987 705 1040 extimens.
725 979 784 1040 Sed
803 999 858 1063 ego
877 975 978 1043 vo'cem
989 978 1181 1060 ,desiderantis
1199 1003 1263 1044 esse
1281 1003 1327 1044 ar·

194 1066 278 1127 bitur.
309 1061 482 1140 erauquam
503 1060 617 1141 oblique
637 1059 776 1141 siguificat
795 1059 875 1121 Deus
894 1061 1054 1143 praefracto
1074 1063 1183 1145 populo
1201 1083 1233 1124 se
1253 1063 1326 1124 diffi-

194 1147 269 1215 dere,
289 1144 378 1202 etvis
394 1160 507 1220 sperare
517 1141 694 1220 morigerum
709 1142 779 1213 fore,
799 1141 845 1201 vel
865 1140 995 1201 docilem.
1014 1141 1203 1224 Praecipuum
1217 1143 1327 1204 ‘deinde

194 1224 315 1284 foederis
335 1227 434 1301 eaput,
454 1219 561 1284 etlere
580 1238 719 1280 summum
740 1226 831 1282 lotam
852 1224 999 1302 proponit,
1024 1229 1057 1282 ut
1077 1225 1155 1282 solus
1173 1224 1236 1303 ipse
1255 1224 1328 1284 enri-

194 1311 267 1364 neat.
292 1301 326 1361 Si
344 1301 390 1359 eui
409 1305 504 1360 tamen
523 1302 613 1380 magis
634 1301 673 1361 ita
693 1300 835 1360 resolvere
854 1301 974 1380 placeat,
994 1299 1080 1362 lsrael
1098 1321 1188 1382 quum
1210 1321 1256 1363 ure
1275 1321 1325 1362 un-

71 1433 76 1446 .
137 1379 142 1390 “
194 1384 286 1457 dier-is,
306 1380 376 1440 nihil
395 1387 438 1439 est
459 1377 536 1460 quod
555 1397 645 1460 aeque
664 1378 715 1438 obs
734 1385 764 1458 te
782 1381 935 1459 postulem,
954 1382 1002 1440 vel
1021 1383 1142 1461 exigam,
1162 1383 1215 1442 nisi
1231 1390 1264 1442 ut
1277 1399 1327 1442 ure

193 1483 252 1525 uno
272 1465 430 1530 contentus,
450 1461 557 1519 alienos
577 1457 645 1520 deos
664 1457 715 1518 tibi
735 1477 795 1519 uon
814 1475 955 1519 accersas:
986 1460 1059 1520 bane
1078 1463 1245 1523 sententiam
1264 1481 1325 1522 neu

192 1533 900 1702 tttgtnittlttfttttlttt”itt
913 1540 1097 1684 ‘ilidii
1114 1541 1326 1699 tltttffltt

194 1703 332 1762 admittet.
352 1697 411 1757 Sed
428 1700 535 1757 intereo
551 1697 640 1756 'simul
660 1698 802 1771 admonet,
822 1699 989 1780 principium
1009 1701 1070 1758 reri
1088 1700 1182 1760 cultus
1201 1701 1254 1760 inei

193 1783 229 1841 nb
254 1779 419 1840 obedientie
459 1775 581 1837 Diversa
606 1783 651 1837 est
674 1777 751 1857 apud
772 1777 869 1837 lilosen
889 1780 989 1852 series,
1009 1777 1102 1838 Eiod.
1122 1783 1172 1854 20,
1195 1780 1223 1842 2.
1245 1719 1327 1843 m

193 1861 351 1920 Deuteron.
383 1875 444 1938 esp.
464 1861 493 1930 5,
515 1875 587 1917 vers.
607 1859 636 1920 6.
658 1859 686 1920 8.
711 1873 776 1916 uana
803 1856 851 1916 ubi
875 1856 1019 1940 praelatus
1043 1864 1087 1918 est
1105 1855 1187 1918 Deus
1210 1879 1242 1919 se
1261 1861 1326 1920 erbe

194 1941 289 2000 Deum
308 1937 432 2006 torretis,
456 1936 646 2019 prohibetae
671 1934 723 1995 sibi
747 1936 886 1996 fabricent
911 1957 1004 1999 noves
1028 1937 1105 2000 deos.
1146 1937 1201 1998 Hie
1225 1946 1324 1998 entem

194 2019 347 2102 probibitio
371 2019 494 2096 priorem
518 2015 615 2075 locum
645 2014 765 2075 obtinete
794 2016 895 2076 deinde
919 2017 1033 2078 additur
1060 2035 1162 2078 musae
1191 2018 1324 2091 redditio,

215 2099 273 2159 uod
292 2097 404 2157 abunde
423 2094 553 2154 sufficere
572 2093 672 2154 debeat
689 2093 771 2156 Deus
795 2097 843 2154 ille
863 2097 912 2175 qui
932 2097 984 2155 sibi
1005 2096 1143 2178 populum
1162 2099 1324 2178 aequisivit.

193 2121 279 2238 ione
298 2178 383 2236 etiam
402 2175 625 2254 praeparationis
644 2175 707 2234 viee
724 2176 806 2235 initio
826 2175 881 2234 boe
900 2179 1006 2256 posuit,
1025 2185 1059 2235 ut
1077 2177 1217 2258 populum
1236 2194 1253 2237 a
1273 2196 1324 2236 su·

194 2256 404 2339 perstitionibus
429 2253 593 2328 obduceret,
622 2273 695 2334 quas
724 2255 803 2334 prius
827 2254 911 2314 evelli
935 2273 969 2316 ae
992 2258 1108 2337 purgari
1132 2273 1247 2318 necesse
1269 2257 1327 2330 esi,

192 2357 280 2420 quam
298 2335 454 2396 radicesiu
474 2333 556 2406 uobis
575 2341 640 2413 egat
659 2351 726 2393 vern
746 2335 844 2413 pietus.

272 2421 320 2478 11.
349 2417 457 2474 Dilata
476 2435 510 2474 os
528 2423 620 2472 teum.
660 2411 751 2473 Sicuti
775 2415 856 2494 prius
879 2413 1102 2496 redemptionem
1120 2415 1227 2512 populi
1246 2433 1324 2473 eorn-

192 2513 362 2564 memorans,
382 2494 494 2552 frenum
513 2493 607 2552 iniecit
617 2490 697 2552 Deus
717 2511 775 2572 quo
795 2511 863 2552 suos
882 2493 998 2553 clientes
1018 2494 1154 2574 obsequio
1173 2495 1323 2554 adstrictos

192 2581 313 2636 teneret:
332 2573 386 2632 sibi
405 2574 435 2631 in
453 2572 581 2631 futurum
599 2577 713 2651 tempus
733 2569 872 2632 bonorum
893 2576 1021 2632 emnium
1040 2577 1151 2653 copiam
1171 2581 1323 2654 suppetere

156 2656 342 2714 “denuntiat
361 2652 438 2711 uude
456 2650 569 2731 expleat
587 2652 687 2789 poplpli
706 2651 836 2711 esuriem.
859 2649 1084 2713 Notandnercro
1098 2660 1165 2713 sunt
1180 2663 1237 2712 tres
1251 2655 1324 2713 istas

192 2735 326 2804 rationes,
346 2730 450 2811 quibus
468 2732 498 2789 in
518 2749 549 2788 se
568 2751 626 2788 uno
666 2741 716 2790 eus
735 2733 861 2791 eontinet
880 2731 1028 2804 israelitas,
1047 2751 1083 2792 ae
1100 2753 1153 2814 per
1191 2733 1322 2792 ramim·
1426 2761 1427 2764 ¹

193 2816 296 2896 pieque
318 2811 412 2871 iacere
436 2809 559 2870 ostendit
583 2810 607 2868 si
631 2806 669 2869 ad
692 2809 761 2870 deos
785 2817 936 2871 extraneos
960 2807 1125 2872 declinent(
1196 2831 1224 2872 ur
1250 2830 1322 2872 νοω

192 2898 332 2966 Ietooee,
352 2909 386 2949 se
404 2887 499 2948 Deum
520 2895 620 2948 natura
640 2907 702 2950 esse
722 2908 862 2964 assereus,
882 2886 1014 2971 negotiu
1034 2891 1150 2952 arbitrio
1171 2891 1323 2951 bominum

192 2991 254 3033 esse
274 2971 381 3050 lingere
399 2987 491 3029 noros
510 2969 593 3042 deos,
612 2985 647 3028 ae
665 2969 865 3050 emplastrum
877 2979 921 3031 est
941 2989 1098 3050 pronomen
1116 2995 1182 3054 ego.
1213 2969 1322 3048 Quam·

194 3053 236 3111 vis
255 3051 331 3111 enirn
351 3054 549 3130 procurrerent
567 3047 712 3129 Aegyptii,
731 3069 762 3108 se
782 3049 876 3109 Deum
897 3051 989 3110 colere
1008 3051 1082 3110 eceli
1100 3057 1129 3112 el
1149 3060 1242 3112 terrae
1260 3052 1322 3142 opi·
1426 3047 1427 3056 ’

192 3131 286 3205 ficem,
306 3128 445 3190 mendacii
465 3139 515 3188 eos
534 3129 630 3208 palem
649 3128 821 3209 coarguebat
840 3135 1019 3210 contemptus
1029 3129 1086 3190 Dei
1104 3130 1205 3190 lsrael:
1224 3150 1242 3189 ο
1262 3149 1323 3210 quo
1426 3171 1427 3176 η

128 3218 139 3281 f
192 3209 311 3270 rimulae
331 3209 479 3270 discedunt
495 3207 640 3290 homines,
665 3209 725 3268 eius
743 3209 842 3288 spoliis
862 3217 964 3270 ornent
987 3229 1038 3270 sun
1062 3211 1082 3269 fi
1131 3217 1211 3285 eota,
1237 3229 1322 3290 quoa·
1426 3230 1427 3248 ¹

193 3309 306 3370 cunque
326 3283 480 3350 obteuddut
499 3289 618 3348 colores.
653 3287 709 3348 Ubi
729 3307 759 3350 se
774 3287 907 3350 lehovam
927 3291 1057 3366 asseruit,
1107 3291 1221 3351 nitatem
1240 3309 1324 3368 suurn
1426 3287 1427 3340 ἒ

192 3369 296 3431 ellectu
315 3376 344 3429 et
363 3370 557 3450 experimento
577 3367 692 3449 probat:
714 3369 778 3448 quia
799 3370 859 3429 eius
879 3369 987 3430 clarum
1006 3373 1148 3453 specimen
1162 3369 1323 3430 exhibuerit

193 3451 223 3512 iu
253 3449 417 3510 redimendo
434 3449 563 3534 populo:
594 3451 757 3529 praesertim
783 3451 849 3530 quia
874 3457 942 3515 tune
966 3449 1052 3510 fidem
1071 3449 1202 3511 Patribus
1226 3451 1324 3509 datam
1426 3467 1427 3492 t

3 3517 5 3566 l
111 3527 117 3547 ¹
193 3532 341 3611 praestitit.
369 3529 467 3588 Virtus
487 3531 561 3588 errim
582 3549 656 3608 quse
675 3536 745 3587 tunc
763 3537 889 3609 spectatu
909 3531 975 3603 suit,
999 3549 1061 3589 nou
1078 3549 1206 3590 seorsum
1225 3530 1324 3590 debuit
1426 3589 1427 3600 ,

193 3611 347 3670 aestimari:
378 3611 445 3703 quis
469 3608 608 3688 pendebat
632 3628 649 3668 u
674 3607 788 3668 foedere
807 3610 885 3688 quod
905 3610 974 3668 olim
992 3629 1058 3670 eum
1077 3609 1221 3670 Abrabam
1242 3609 1325 3690 pepi·
1426 3614 1427 3680 l

194 3695 276 3770 gerat
294 3689 370 3748 idem
388 3683 536 3758 ulleDeus,
557 3687 605 3766 qui
625 3687 743 3768 probatu
764 3708 815 3746 sua
836 3690 953 3750 veritate
970 3709 1031 3748 non
1050 3691 1143 3749 miuus
1164 3707 1250 3769 quern
1271 3709 1323 3768 po·
1426 3741 1427 3772 ,

193 3769 291 3842 tentia,
311 3766 433 3826 debitam
452 3765 504 3825 sibi
524 3766 634 3825 laudem
652 3769 777 3826 asseruit.
798 3765 895 3826 Tertio
908 3769 965 3828 iam
979 3785 1010 3827 ae
1022 3769 1052 3828 iu
1069 3775 1214 3849 posterum
1228 3768 1324 3842 offeri,
1426 3775 1427 3799 l

193 3847 252 3908 hoc
275 3865 374 3922 seusu,
403 3845 489 3905 modo
513 3852 613 3926 pergat
632 3846 718 3906 lsrail
742 3849 770 3905 in
790 3845 875 3921 sude,'
890 3866 922 3907 se
941 3848 1061 3908 eundem
1081 3849 1143 3908 lore
1162 3867 1229 3926 erga
1248 3847 1324 3908 lilios

215 3927 309 3988 uelem
332 3925 443 4008 experti
467 3932 535 3983 suut
557 3932 664 4005 potres,
694 3927 761 4005 quia
785 3925 923 3986 exhaustu
948 3927 1067 3987 nonsit
1092 3946 1143 3986 sua
1162 3926 1323 3986 liberaliter.
1426 3929 1427 3942 ¹

222 4027 267 4066 am
278 4005 367 4065 verbo
377 4005 533 4077 dilatandi,
553 4003 667 4084 oblique
685 4007 847 4086 perstringit
865 4007 1008 4086 angustias
1029 4025 1103 4086 quae
1123 4005 1325 4066 beneficentiae
1426 4049 1427 4072 Ξ

194 4089 256 4146 eius
276 4087 351 4144 viam
372 4086 536 4143 obstruuut:
561 4086 618 4142 sesi
643 4084 761 4174 dreng,
781 4086 894 4164 eulpam
920 4087 1053 4166 penuriae
1077 4087 1199 4146 residere
1222 4088 1252 4146 in
1271 4105 1324 4166 po·
1426 4104 1427 4144 t

194 4166 273 4246 pulo,
293 4167 360 4245 quia
379 4162 520 4222 bonorum
539 4163 643 4242 quibus
662 4164 776 4243 indiget,
801 4183 891 4244 capax
911 4186 969 4224 non
990 4168 1040 4225 sit:
1065 4167 1124 4225 imo
1143 4166 1323 4226 incredulita-

182 4246 232 4304 ‘tis
261 4263 329 4304 suae
353 4241 500 4303 obstaculo
523 4249 618 4302 arceat
641 4261 675 4302 ae
700 4243 818 4324 repellat
842 4263 915 4326 quae
941 4245 1014 4304 ultro
1039 4245 1159 4305 fluerent
1179 4244 1325 4305 beneficis.

194 4321 255 4382 Nee
279 4323 372 4384 solum
398 4322 475 4382 iubet
495 4341 528 4382 οι
548 4339 563 4380 e
586 4323 671 4398 erire,
700 4323 751 4382 sed
770 4325 875 4402 gratiae
895 4343 964 4382 suae
983 4324 1181 4384 abundantiam
1201 4324 1322 4405 splendi·

193 4403 257 4462 dius
276 4402 469 4462 commendat:
494 4341 653 4482 siguiiieuns
679 4403 861 4483 quantumvis
886 4423 916 4462 se
937 4403 1020 4485 louge
1040 4423 1074 4464 ae
1093 4403 1151 4464 late
1169 4403 1325 4466 extendant
