<?xml version="1.0" encoding="UTF-8"?>
<!DOCTYPE html PUBLIC "-//W3C//DTD XHTML 1.0 Transitional//EN"
    "http://www.w3.org/TR/xhtml1/DTD/xhtml1-transitional.dtd">
<html xmlns="http://www.w3.org/1999/xhtml" xml:lang="en" lang="en">
 <head>
  <title>
</title>
<meta http-equiv="Content-Type" content="text/html;charset=utf-8" />
  <meta name='ocr-system' content='tesseract 3.04.00' />
  <meta name='ocr-capabilities' content='ocr_page ocr_carea ocr_par ocr_line ocrx_word'/>
</head>
<body>
  <div class='ocr_page' id='page_1' title='image "./ioanniscalvinii04tholgoog_0013.png"; bbox 0 0 2862 4888; ppageno 0'>
   <div class='ocr_carea' id='block_1_1' title="bbox 168 311 920 368">
    <p class='ocr_par' dir='ltr' id='par_1_1' title="bbox 168 311 920 368">
     <span class='ocr_line' id='line_1_1' title="bbox 168 311 920 368; baseline -0.012 -10"><span class='ocrx_word' id='word_1_1' title='bbox 168 312 192 368; x_wconf 69' lang='grc'><strong>4</strong></span> <span class='ocrx_word' id='word_1_2' title='bbox 598 311 920 352; x_wconf 79' lang='lat' dir='ltr'><strong>r.caavruus·</strong></span> 
     </span>
    </p>
   </div>
   <div class='ocr_carea' id='block_1_2' title="bbox 175 428 1310 846">
    <p class='ocr_par' dir='ltr' id='par_1_2' title="bbox 175 428 1310 846">
     <span class='ocr_line' id='line_1_2' title="bbox 175 428 1308 525; baseline -0.005 -23"><span class='ocrx_word' id='word_1_3' title='bbox 175 431 462 525; x_wconf 81' lang='lat' dir='ltr'><strong>praepinguedine</strong></span> <span class='ocrx_word' id='word_1_4' title='bbox 485 428 594 498; x_wconf 87' lang='lat' dir='ltr'><strong>oculus</strong></span> <span class='ocrx_word' id='word_1_5' title='bbox 618 451 739 512; x_wconf 89' lang='lat' dir='ltr'><strong>eorum,</strong></span> <span class='ocrx_word' id='word_1_6' title='bbox 760 430 949 498; x_wconf 87' lang='lat' dir='ltr'><strong>transierunt</strong></span> <span class='ocrx_word' id='word_1_7' title='bbox 969 428 1173 521; x_wconf 78' lang='lat' dir='ltr'><strong>cogitationes</strong></span> <span class='ocrx_word' id='word_1_8' title='bbox 1194 431 1308 497; x_wconf 88' lang='lat' dir='ltr'><strong>cordis.</strong></span> 
     </span>
     <span class='ocr_line' id='line_1_3' title="bbox 175 521 1310 626; baseline -0.002 -20"><span class='ocrx_word' id='word_1_9' title='bbox 175 542 206 606; x_wconf 83' lang='lat'><strong>8.</strong></span> <span class='ocrx_word' id='word_1_10' title='bbox 230 540 401 620; x_wconf 88' lang='lat' dir='ltr'><strong>Dillluunt,</strong></span> <span class='ocrx_word' id='word_1_11' title='bbox 429 549 460 606; x_wconf 90' lang='lat' dir='ltr'><strong>et</strong></span> <span class='ocrx_word' id='word_1_12' title='bbox 486 537 660 625; x_wconf 90' lang='lat' dir='ltr'><strong>loquuntur</strong></span> <span class='ocrx_word' id='word_1_13' title='bbox 687 536 720 602; x_wconf 93' lang='lat' dir='ltr'><strong>in</strong></span> <span class='ocrx_word' id='word_1_14' title='bbox 745 533 863 602; x_wconf 88' lang='lat' dir='ltr'><strong>malitia</strong></span> <span class='ocrx_word' id='word_1_15' title='bbox 891 521 1048 626; x_wconf 64' lang='lat' dir='ltr'><strong>alpinam,</strong></span> <span class='ocrx_word' id='word_1_16' title='bbox 1077 561 1096 604; x_wconf 87' lang='lat' dir='ltr'><strong>a</strong></span> <span class='ocrx_word' id='word_1_17' title='bbox 1118 535 1243 604; x_wconf 89' lang='lat' dir='ltr'><strong>sublimi</strong></span> <span class='ocrx_word' id='word_1_18' title='bbox 1265 535 1310 604; x_wconf 80' lang='lat' dir='ltr'><strong>lo</strong></span> 
     </span>
     <span class='ocr_line' id='line_1_4' title="bbox 178 641 1310 736; baseline -0.002 -24"><span class='ocrx_word' id='word_1_19' title='bbox 178 657 325 736; x_wconf 89' lang='lat' dir='ltr'><strong>quuntur.</strong></span> <span class='ocrx_word' id='word_1_20' title='bbox 371 645 402 711; x_wconf 80' lang='grc'><strong>9.</strong></span> <span class='ocrx_word' id='word_1_21' title='bbox 425 643 605 712; x_wconf 88' lang='lat' dir='ltr'><strong>Posuerunt</strong></span> <span class='ocrx_word' id='word_1_22' title='bbox 625 641 658 708; x_wconf 93' lang='lat' dir='ltr'><strong>in</strong></span> <span class='ocrx_word' id='word_1_23' title='bbox 680 641 807 726; x_wconf 87' lang='lat' dir='ltr'><strong>coelum</strong></span> <span class='ocrx_word' id='word_1_24' title='bbox 829 664 865 708; x_wconf 84' lang='lat' dir='ltr'><strong>oa</strong></span> <span class='ocrx_word' id='word_1_25' title='bbox 881 663 993 726; x_wconf 77' lang='lat' dir='ltr'><strong>suurn,</strong></span> <span class='ocrx_word' id='word_1_26' title='bbox 1014 651 1047 711; x_wconf 88' lang='lat' dir='ltr'><strong>et</strong></span> <span class='ocrx_word' id='word_1_27' title='bbox 1068 641 1174 734; x_wconf 82' lang='lat' dir='ltr'><strong>lingua</strong></span> <span class='ocrx_word' id='word_1_28' title='bbox 1195 666 1310 710; x_wconf 90' lang='lat' dir='ltr'><strong>eorum</strong></span> 
     </span>
     <span class='ocr_line' id='line_1_5' title="bbox 175 749 535 846; baseline -0.017 -26"><span class='ocrx_word' id='word_1_29' title='bbox 175 749 369 846; x_wconf 79' lang='lat' dir='ltr'>perambulat</span> <span class='ocrx_word' id='word_1_30' title='bbox 384 751 422 832; x_wconf 81' lang='lat' dir='ltr'><strong>¹in</strong></span> <span class='ocrx_word' id='word_1_31' title='bbox 444 761 535 818; x_wconf 86' lang='lat' dir='ltr'><strong>terra.</strong></span> 
     </span>
    </p>
   </div>
   <div class='ocr_carea' id='block_1_3' title="bbox 176 909 1417 994">
    <p class='ocr_par' dir='ltr' id='par_1_3' title="bbox 176 909 1417 994">
     <span class='ocr_line' id='line_1_6' title="bbox 176 909 1417 994; baseline -0.003 -18"><span class='ocrx_word' id='word_1_32' title='bbox 176 943 180 955; x_wconf 53' lang='grc' dir='ltr'><strong><em>ν</em></strong></span> <span class='ocrx_word' id='word_1_33' title='bbox 258 915 286 976; x_wconf 80' lang='lat' dir='ltr'><strong>l.</strong></span> <span class='ocrx_word' id='word_1_34' title='bbox 308 921 388 989; x_wconf 73' lang='lat' dir='ltr'><strong>Quia</strong></span> <span class='ocrx_word' id='word_1_35' title='bbox 411 935 473 972; x_wconf 78' lang='lat' dir='ltr'><strong>aon</strong></span> <span class='ocrx_word' id='word_1_36' title='bbox 494 921 564 972; x_wconf 70' lang='lat' dir='ltr'><strong>sumt</strong></span> <span class='ocrx_word' id='word_1_37' title='bbox 583 913 738 993; x_wconf 68' lang='lat' dir='ltr'><strong>ligentiac.</strong></span> <span class='ocrx_word' id='word_1_38' title='bbox 786 909 931 972; x_wconf 86' lang='lat' dir='ltr'><strong>Describit</strong></span> <span class='ocrx_word' id='word_1_39' title='bbox 953 911 1106 994; x_wconf 90' lang='lat' dir='ltr'><strong>impiorum</strong></span> <span class='ocrx_word' id='word_1_40' title='bbox 1126 911 1309 973; x_wconf 80' lang='lat' dir='ltr'><strong>commodita·</strong></span> <span class='ocrx_word' id='word_1_41' title='bbox 1416 939 1417 944; x_wconf 43' lang='lat'>¹</span> 
     </span>
    </p>
   </div>
   <div class='ocr_carea' id='block_1_4' title="bbox 96 991 1418 4482">
    <p class='ocr_par' dir='ltr' id='par_1_4' title="bbox 96 991 1313 1464">
     <span class='ocr_line' id='line_1_7' title="bbox 176 991 1310 1075; baseline -0.002 -21"><span class='ocrx_word' id='word_1_42' title='bbox 176 1001 236 1069; x_wconf 89' lang='lat' dir='ltr'><strong>tes,</strong></span> <span class='ocrx_word' id='word_1_43' title='bbox 265 993 479 1075; x_wconf 68' lang='lat' dir='ltr'><strong>quaerendem</strong></span> <span class='ocrx_word' id='word_1_44' title='bbox 503 998 570 1054; x_wconf 90' lang='lat' dir='ltr'><strong>sunt</strong></span> <span class='ocrx_word' id='word_1_45' title='bbox 594 992 634 1049; x_wconf 88' lang='lat' dir='ltr'><strong>ad</strong></span> <span class='ocrx_word' id='word_1_46' title='bbox 655 991 878 1051; x_wconf 76' lang='lat' dir='ltr'><strong>labefactandam</strong></span> <span class='ocrx_word' id='word_1_47' title='bbox 903 993 1016 1072; x_wconf 88' lang='lat' dir='ltr'><strong>piorum</strong></span> <span class='ocrx_word' id='word_1_48' title='bbox 1041 992 1126 1052; x_wconf 87' lang='lat' dir='ltr'><strong>fidem</strong></span> <span class='ocrx_word' id='word_1_49' title='bbox 1150 993 1310 1052; x_wconf 83' lang='lat' dir='ltr'><strong>machinae.</strong></span> 
     </span>
     <span class='ocr_line' id='line_1_8' title="bbox 154 1069 1311 1155; baseline -0.005 -20"><span class='ocrx_word' id='word_1_50' title='bbox 154 1073 215 1135; x_wconf 77' lang='lat' dir='ltr'><strong>&#39;Et</strong></span> <span class='ocrx_word' id='word_1_51' title='bbox 240 1094 256 1135; x_wconf 92' lang='lat' dir='ltr'><strong>a</strong></span> <span class='ocrx_word' id='word_1_52' title='bbox 276 1091 412 1155; x_wconf 89' lang='lat' dir='ltr'><strong>prospera</strong></span> <span class='ocrx_word' id='word_1_53' title='bbox 436 1070 549 1150; x_wconf 88' lang='lat' dir='ltr'><strong>quidem</strong></span> <span class='ocrx_word' id='word_1_54' title='bbox 569 1069 733 1132; x_wconf 79' lang='lat' dir='ltr'><strong>valetudine</strong></span> <span class='ocrx_word' id='word_1_55' title='bbox 751 1072 863 1152; x_wconf 77' lang='lat' dir='ltr'><strong>incipit,</strong></span> <span class='ocrx_word' id='word_1_56' title='bbox 887 1071 967 1152; x_wconf 92' lang='lat' dir='ltr'><strong>qnod</strong></span> <span class='ocrx_word' id='word_1_57' title='bbox 985 1091 1004 1129; x_wconf 90' lang='lat' dir='ltr'>v</span> <span class='ocrx_word' id='word_1_58' title='bbox 1039 1073 1078 1132; x_wconf 86' lang='lat' dir='ltr'><strong>eti</strong></span> <span class='ocrx_word' id='word_1_59' title='bbox 1096 1071 1153 1130; x_wconf 81' lang='lat' dir='ltr'><strong>sini</strong></span> <span class='ocrx_word' id='word_1_60' title='bbox 1172 1089 1206 1130; x_wconf 83' lang='lat' dir='ltr'><strong>ec</strong></span> <span class='ocrx_word' id='word_1_61' title='bbox 1224 1071 1311 1132; x_wconf 86' lang='lat' dir='ltr'><strong>robu-</strong></span> 
     </span>
     <span class='ocr_line' id='line_1_9' title="bbox 176 1147 1313 1246; baseline -0.006 -30"><span class='ocrx_word' id='word_1_62' title='bbox 176 1157 229 1229; x_wconf 89' lang='lat' dir='ltr'><strong>sti,</strong></span> <span class='ocrx_word' id='word_1_63' title='bbox 252 1173 305 1214; x_wconf 87' lang='lat' dir='ltr'><strong>nee</strong></span> <span class='ocrx_word' id='word_1_64' title='bbox 323 1170 407 1232; x_wconf 76' lang='lat' dir='ltr'><strong>aegre</strong></span> <span class='ocrx_word' id='word_1_65' title='bbox 426 1166 477 1230; x_wconf 89' lang='lat' dir='ltr'><strong>per</strong></span> <span class='ocrx_word' id='word_1_66' title='bbox 496 1149 646 1210; x_wconf 82' lang='lat' dir='ltr'><strong>continuos</strong></span> <span class='ocrx_word' id='word_1_67' title='bbox 665 1150 815 1231; x_wconf 78' lang='lat' dir='ltr'><strong>languores</strong></span> <span class='ocrx_word' id='word_1_68' title='bbox 835 1151 966 1246; x_wconf 89' lang='lat' dir='ltr'><strong>spiritum</strong></span> <span class='ocrx_word' id='word_1_69' title='bbox 985 1159 1029 1210; x_wconf 87' lang='lat' dir='ltr'><strong>tra</strong></span> <span class='ocrx_word' id='word_1_70' title='bbox 1050 1157 1117 1211; x_wconf 68' lang='lat' dir='ltr'><strong>ant:</strong></span> <span class='ocrx_word' id='word_1_71' title='bbox 1130 1147 1255 1227; x_wconf 83' lang='lat' dir='ltr'><strong>Quidam</strong></span> <span class='ocrx_word' id='word_1_72' title='bbox 1275 1153 1313 1210; x_wconf 80' lang='lat' dir='ltr'><strong>lt·</strong></span> 
     </span>
     <span class='ocr_line' id='line_1_10' title="bbox 176 1231 1312 1319; baseline -0.004 -24"><span class='ocrx_word' id='word_1_73' title='bbox 176 1243 303 1319; x_wconf 74' lang='lat' dir='ltr'><strong>gemtus</strong></span> <span class='ocrx_word' id='word_1_74' title='bbox 322 1233 363 1292; x_wconf 85' lang='lat' dir='ltr'><strong>cd</strong></span> <span class='ocrx_word' id='word_1_75' title='bbox 381 1238 502 1290; x_wconf 73' lang='lat' dir='ltr'><strong>orestem</strong></span> <span class='ocrx_word' id='word_1_76' title='bbox 521 1231 663 1311; x_wconf 85' lang='lat' dir='ltr'><strong>accipiunt</strong></span> <span class='ocrx_word' id='word_1_77' title='bbox 682 1251 736 1310; x_wconf 89' lang='lat' dir='ltr'><strong>pro</strong></span> <span class='ocrx_word' id='word_1_78' title='bbox 754 1249 888 1305; x_wconf 90' lang='lat' dir='ltr'><strong>remons,</strong></span> <span class='ocrx_word' id='word_1_79' title='bbox 913 1231 969 1318; x_wconf 75' lang='lat' dir='ltr'><strong>qcsi</strong></span> <span class='ocrx_word' id='word_1_80' title='bbox 990 1231 1107 1290; x_wconf 79' lang='lat' dir='ltr'><strong>dixisset</strong></span> <span class='ocrx_word' id='word_1_81' title='bbox 1123 1248 1175 1290; x_wconf 88' lang='lat' dir='ltr'><strong>eos</strong></span> <span class='ocrx_word' id='word_1_82' title='bbox 1193 1237 1312 1309; x_wconf 83' lang='lat' dir='ltr'><strong>repente</strong></span> 
     </span>
     <span class='ocr_line' id='line_1_11' title="bbox 96 1307 1311 1392; baseline -0.005 -17"><span class='ocrx_word' id='word_1_83' title='bbox 96 1365 99 1386; x_wconf 86' lang='grc'>,</span> <span class='ocrx_word' id='word_1_84' title='bbox 130 1359 139 1372; x_wconf 86' lang='grc'><strong><em>.</em></strong></span> <span class='ocrx_word' id='word_1_85' title='bbox 178 1307 250 1376; x_wconf 76' lang='lat' dir='ltr'><strong>niori</strong></span> <span class='ocrx_word' id='word_1_86' title='bbox 270 1315 300 1374; x_wconf 89' lang='lat' dir='ltr'><strong>in</strong></span> <span class='ocrx_word' id='word_1_87' title='bbox 319 1311 455 1392; x_wconf 82' lang='lat' dir='ltr'><strong>temporis</strong></span> <span class='ocrx_word' id='word_1_88' title='bbox 474 1310 609 1369; x_wconf 84' lang='lat' dir='ltr'><strong>articulo:</strong></span> <span class='ocrx_word' id='word_1_89' title='bbox 634 1329 728 1390; x_wconf 85' lang='lat' dir='ltr'><strong>neque</strong></span> <span class='ocrx_word' id='word_1_90' title='bbox 747 1311 848 1370; x_wconf 86' lang='lat' dir='ltr'><strong>luctari</strong></span> <span class='ocrx_word' id='word_1_91' title='bbox 866 1329 933 1370; x_wconf 86' lang='lat' dir='ltr'><strong>cunr</strong></span> <span class='ocrx_word' id='word_1_92' title='bbox 953 1309 1112 1384; x_wconf 89' lang='lat' dir='ltr'><strong>doloribus,</strong></span> <span class='ocrx_word' id='word_1_93' title='bbox 1133 1311 1206 1368; x_wconf 87' lang='lat' dir='ltr'><strong>sicut</strong></span> <span class='ocrx_word' id='word_1_94' title='bbox 1224 1313 1311 1369; x_wconf 84' lang='lat' dir='ltr'><strong>etiam</strong></span> 
     </span>
     <span class='ocr_line' id='line_1_12' title="bbox 178 1387 1312 1464; baseline -0.006 -10"><span class='ocrx_word' id='word_1_95' title='bbox 178 1395 209 1454; x_wconf 90' lang='lat' dir='ltr'><strong>in</strong></span> <span class='ocrx_word' id='word_1_96' title='bbox 233 1392 303 1453; x_wconf 91' lang='lat' dir='ltr'><strong>libro</strong></span> <span class='ocrx_word' id='word_1_97' title='bbox 329 1389 379 1452; x_wconf 89' lang='lat' dir='ltr'><strong>lob</strong></span> <span class='ocrx_word' id='word_1_98' title='bbox 399 1393 452 1462; x_wconf 76' lang='lat'><strong>21,</strong></span> <span class='ocrx_word' id='word_1_99' title='bbox 473 1393 520 1451; x_wconf 79' lang='lat'><strong>13.</strong></span> <span class='ocrx_word' id='word_1_100' title='bbox 546 1396 657 1451; x_wconf 86' lang='lat' dir='ltr'><strong>terrena</strong></span> <span class='ocrx_word' id='word_1_101' title='bbox 675 1396 806 1450; x_wconf 87' lang='lat' dir='ltr'><strong>censetur</strong></span> <span class='ocrx_word' id='word_1_102' title='bbox 825 1389 957 1464; x_wconf 70' lang='lat' dir='ltr'><strong>felicitas,</strong></span> <span class='ocrx_word' id='word_1_103' title='bbox 980 1390 1029 1448; x_wconf 93' lang='lat' dir='ltr'><strong>ubi</strong></span> <span class='ocrx_word' id='word_1_104' title='bbox 1049 1409 1079 1450; x_wconf 90' lang='lat' dir='ltr'><strong>sa</strong></span> <span class='ocrx_word' id='word_1_105' title='bbox 1098 1387 1312 1450; x_wconf 85' lang='lat' dir='ltr'><strong>oblectaverunt</strong></span> 
     </span>
    </p>

    <p class='ocr_par' dir='ltr' id='par_1_5' title="bbox 108 1465 1418 3132">
     <span class='ocr_line' id='line_1_13' title="bbox 200 1465 1311 1550; baseline -0.006 -17"><span class='ocrx_word' id='word_1_106' title='bbox 200 1473 291 1534; x_wconf 80' lang='lat' dir='ltr'><strong>nolani</strong></span> <span class='ocrx_word' id='word_1_107' title='bbox 309 1473 340 1532; x_wconf 91' lang='lat' dir='ltr'><strong>in</strong></span> <span class='ocrx_word' id='word_1_108' title='bbox 359 1471 417 1530; x_wconf 88' lang='lat' dir='ltr'><strong>suis</strong></span> <span class='ocrx_word' id='word_1_109' title='bbox 432 1469 558 1546; x_wconf 89' lang='lat' dir='ltr'><strong>lautitiis,</strong></span> <span class='ocrx_word' id='word_1_110' title='bbox 581 1470 611 1528; x_wconf 93' lang='lat' dir='ltr'><strong>in</strong></span> <span class='ocrx_word' id='word_1_111' title='bbox 631 1477 738 1550; x_wconf 89' lang='lat' dir='ltr'><strong>puncto</strong></span> <span class='ocrx_word' id='word_1_112' title='bbox 757 1469 794 1528; x_wconf 92' lang='lat' dir='ltr'><strong>ad</strong></span> <span class='ocrx_word' id='word_1_113' title='bbox 813 1469 975 1548; x_wconf 86' lang='lat' dir='ltr'><strong>sepulerum</strong></span> <span class='ocrx_word' id='word_1_114' title='bbox 994 1467 1170 1530; x_wconf 76' lang='lat' dir='ltr'><strong>descendere</strong></span> <span class='ocrx_word' id='word_1_115' title='bbox 1209 1467 1249 1528; x_wconf 84' lang='lat' dir='ltr'><strong>Et</strong></span> <span class='ocrx_word' id='word_1_116' title='bbox 1266 1465 1311 1526; x_wconf 90' lang='lat' dir='ltr'><strong>lu·</strong></span> 
     </span>
     <span class='ocr_line' id='line_1_14' title="bbox 178 1495 1418 1646; baseline -0.006 -33"><span class='ocrx_word' id='word_1_117' title='bbox 178 1495 235 1614; x_wconf 72' lang='lat' dir='ltr'><strong>iius</strong></span> <span class='ocrx_word' id='word_1_118' title='bbox 254 1551 373 1625; x_wconf 87' lang='lat' dir='ltr'><strong>Caesar,</strong></span> <span class='ocrx_word' id='word_1_119' title='bbox 397 1549 487 1646; x_wconf 85' lang='lat' dir='ltr'><strong>pridie</strong></span> <span class='ocrx_word' id='word_1_120' title='bbox 513 1568 601 1631; x_wconf 90' lang='lat' dir='ltr'><strong>qnam</strong></span> <span class='ocrx_word' id='word_1_121' title='bbox 625 1549 817 1625; x_wconf 77' lang='lat' dir='ltr'><strong>occideretur,</strong></span> <span class='ocrx_word' id='word_1_122' title='bbox 842 1548 894 1607; x_wconf 91' lang='lat' dir='ltr'><strong>sibi</strong></span> <span class='ocrx_word' id='word_1_123' title='bbox 914 1537 1098 1606; x_wconf 63' lang='grc' dir='ltr'><strong>νιῗὸανασιαν</strong></span> <span class='ocrx_word' id='word_1_124' title='bbox 1117 1547 1207 1608; x_wconf 83' lang='lat' dir='ltr'><strong>videri</strong></span> <span class='ocrx_word' id='word_1_125' title='bbox 1231 1548 1312 1618; x_wconf 81' lang='lat' dir='ltr'><strong>dixit,</strong></span> <span class='ocrx_word' id='word_1_126' title='bbox 1417 1613 1418 1626; x_wconf 45' lang='lat'><strong>,</strong></span> 
     </span>
     <span class='ocr_line' id='line_1_15' title="bbox 180 1627 1312 1710; baseline -0.005 -18"><span class='ocrx_word' id='word_1_127' title='bbox 180 1632 273 1692; x_wconf 88' lang='lat' dir='ltr'><strong>subito</strong></span> <span class='ocrx_word' id='word_1_128' title='bbox 294 1639 323 1691; x_wconf 88' lang='lat' dir='ltr'><strong>et</strong></span> <span class='ocrx_word' id='word_1_129' title='bbox 342 1651 379 1692; x_wconf 84' lang='lat' dir='ltr'><strong>ex</strong></span> <span class='ocrx_word' id='word_1_130' title='bbox 399 1629 547 1710; x_wconf 80' lang='lat' dir='ltr'><strong>inopinato</strong></span> <span class='ocrx_word' id='word_1_131' title='bbox 566 1629 647 1688; x_wconf 86' lang='lat' dir='ltr'><strong>mori.</strong></span> <span class='ocrx_word' id='word_1_132' title='bbox 687 1627 764 1708; x_wconf 82' lang='lat' dir='ltr'><strong>Ergo</strong></span> <span class='ocrx_word' id='word_1_133' title='bbox 790 1627 945 1688; x_wconf 89' lang='lat' dir='ltr'><strong>seeundum</strong></span> <span class='ocrx_word' id='word_1_134' title='bbox 970 1627 1034 1687; x_wconf 90' lang='lat' dir='ltr'><strong>illos</strong></span> <span class='ocrx_word' id='word_1_135' title='bbox 1058 1627 1224 1708; x_wconf 80' lang='lat' dir='ltr'><strong>interpretes</strong></span> <span class='ocrx_word' id='word_1_136' title='bbox 1245 1647 1312 1686; x_wconf 86' lang='lat' dir='ltr'><strong>eon·</strong></span> 
     </span>
     <span class='ocr_line' id='line_1_16' title="bbox 182 1707 1314 1794; baseline -0.006 -23"><span class='ocrx_word' id='word_1_137' title='bbox 182 1713 309 1794; x_wconf 90' lang='lat' dir='ltr'><strong>queritur</strong></span> <span class='ocrx_word' id='word_1_138' title='bbox 328 1707 422 1768; x_wconf 88' lang='lat' dir='ltr'><strong>David</strong></span> <span class='ocrx_word' id='word_1_139' title='bbox 443 1710 505 1767; x_wconf 85' lang='lat' dir='ltr'><strong>sine</strong></span> <span class='ocrx_word' id='word_1_140' title='bbox 524 1709 660 1769; x_wconf 86' lang='lat' dir='ltr'><strong>molestiis</strong></span> <span class='ocrx_word' id='word_1_141' title='bbox 669 1715 699 1768; x_wconf 88' lang='lat' dir='ltr'><strong>et</strong></span> <span class='ocrx_word' id='word_1_142' title='bbox 717 1707 889 1788; x_wconf 67' lang='lat' dir='ltr'><strong>aegritudine</strong></span> <span class='ocrx_word' id='word_1_143' title='bbox 908 1708 1010 1786; x_wconf 89' lang='lat' dir='ltr'><strong>impios</strong></span> <span class='ocrx_word' id='word_1_144' title='bbox 1030 1707 1108 1766; x_wconf 80' lang='lat' dir='ltr'><strong>sacili</strong></span> <span class='ocrx_word' id='word_1_145' title='bbox 1126 1715 1155 1766; x_wconf 89' lang='lat' dir='ltr'><strong>et</strong></span> <span class='ocrx_word' id='word_1_146' title='bbox 1172 1707 1314 1785; x_wconf 80' lang='lat' dir='ltr'><strong>aequabili</strong></span> 
     </span>
     <span class='ocr_line' id='line_1_17' title="bbox 180 1785 1314 1868; baseline -0.005 -18"><span class='ocrx_word' id='word_1_147' title='bbox 180 1812 266 1852; x_wconf 88' lang='lat' dir='ltr'><strong>cursu</strong></span> <span class='ocrx_word' id='word_1_148' title='bbox 290 1790 410 1849; x_wconf 80' lang='lat' dir='ltr'><strong>transire</strong></span> <span class='ocrx_word' id='word_1_149' title='bbox 434 1789 469 1846; x_wconf 91' lang='lat' dir='ltr'><strong>ad</strong></span> <span class='ocrx_word' id='word_1_150' title='bbox 489 1795 620 1847; x_wconf 88' lang='lat' dir='ltr'><strong>mortem.</strong></span> <span class='ocrx_word' id='word_1_151' title='bbox 659 1787 718 1848; x_wconf 87' lang='lat' dir='ltr'><strong>Sed</strong></span> <span class='ocrx_word' id='word_1_152' title='bbox 742 1807 841 1847; x_wconf 89' lang='lat' dir='ltr'><strong>eornm</strong></span> <span class='ocrx_word' id='word_1_153' title='bbox 871 1789 1024 1845; x_wconf 79' lang='lat' dir='ltr'><strong>sententiae</strong></span> <span class='ocrx_word' id='word_1_154' title='bbox 1043 1789 1139 1868; x_wconf 84' lang='lat' dir='ltr'><strong>potius</strong></span> <span class='ocrx_word' id='word_1_155' title='bbox 1158 1785 1314 1856; x_wconf 81' lang='lat' dir='ltr'><strong>subscribo,</strong></span> 
     </span>
     <span class='ocr_line' id='line_1_18' title="bbox 183 1864 1314 1952; baseline -0.006 -21"><span class='ocrx_word' id='word_1_156' title='bbox 183 1872 233 1952; x_wconf 93' lang='lat' dir='ltr'><strong>qui</strong></span> <span class='ocrx_word' id='word_1_157' title='bbox 253 1869 424 1930; x_wconf 90' lang='lat' dir='ltr'><strong>coniunctim</strong></span> <span class='ocrx_word' id='word_1_158' title='bbox 449 1869 548 1946; x_wconf 81' lang='lat' dir='ltr'><strong>legunt</strong></span> <span class='ocrx_word' id='word_1_159' title='bbox 568 1867 638 1926; x_wconf 79' lang='lat' dir='ltr'><strong>liaeo</strong></span> <span class='ocrx_word' id='word_1_160' title='bbox 658 1867 716 1927; x_wconf 91' lang='lat' dir='ltr'><strong>duo</strong></span> <span class='ocrx_word' id='word_1_161' title='bbox 736 1865 871 1939; x_wconf 90' lang='lat' dir='ltr'><strong>membra,</strong></span> <span class='ocrx_word' id='word_1_162' title='bbox 890 1866 995 1946; x_wconf 80' lang='lat' dir='ltr'><strong>pingue</strong></span> <span class='ocrx_word' id='word_1_163' title='bbox 1015 1881 1078 1926; x_wconf 86' lang='lat' dir='ltr'><strong>esse</strong></span> <span class='ocrx_word' id='word_1_164' title='bbox 1098 1864 1185 1925; x_wconf 87' lang='lat' dir='ltr'><strong>robur</strong></span> <span class='ocrx_word' id='word_1_165' title='bbox 1204 1884 1314 1938; x_wconf 89' lang='lat' dir='ltr'><strong>eorum,</strong></span> 
     </span>
     <span class='ocr_line' id='line_1_19' title="bbox 180 1944 1315 2028; baseline -0.007 -18"><span class='ocrx_word' id='word_1_166' title='bbox 180 1957 212 2010; x_wconf 85' lang='lat' dir='ltr'><strong>et</strong></span> <span class='ocrx_word' id='word_1_167' title='bbox 230 1969 289 2010; x_wconf 89' lang='lat' dir='ltr'><strong>non</strong></span> <span class='ocrx_word' id='word_1_168' title='bbox 308 1966 370 2007; x_wconf 86' lang='lat' dir='ltr'><strong>esse</strong></span> <span class='ocrx_word' id='word_1_169' title='bbox 390 1946 520 2028; x_wconf 76' lang='lat' dir='ltr'><strong>ligamina</strong></span> <span class='ocrx_word' id='word_1_170' title='bbox 541 1946 577 2004; x_wconf 92' lang='lat' dir='ltr'><strong>ad</strong></span> <span class='ocrx_word' id='word_1_171' title='bbox 596 1953 728 2022; x_wconf 72' lang='lat' dir='ltr'><strong>munem,</strong></span> <span class='ocrx_word' id='word_1_172' title='bbox 747 1965 782 2006; x_wconf 90' lang='lat' dir='ltr'><strong>eo</strong></span> <span class='ocrx_word' id='word_1_173' title='bbox 803 1945 889 2026; x_wconf 88' lang='lat' dir='ltr'><strong>quod.</strong></span> <span class='ocrx_word' id='word_1_174' title='bbox 901 1963 959 2004; x_wconf 92' lang='lat' dir='ltr'><strong>non</strong></span> <span class='ocrx_word' id='word_1_175' title='bbox 979 1944 1128 2004; x_wconf 85' lang='lat' dir='ltr'><strong>trahantur</strong></span> <span class='ocrx_word' id='word_1_176' title='bbox 1145 1944 1315 2004; x_wconf 88' lang='lat' dir='ltr'><strong>admortem</strong></span> 
     </span>
     <span class='ocr_line' id='line_1_20' title="bbox 183 2017 1313 2110; baseline -0.005 -22"><span class='ocrx_word' id='word_1_177' title='bbox 183 2023 265 2110; x_wconf 88' lang='lat' dir='ltr'><strong>qu&#39;asi</strong></span> <span class='ocrx_word' id='word_1_178' title='bbox 290 2027 402 2106; x_wconf 87' lang='lat' dir='ltr'><strong>captivi.</strong></span> <span class='ocrx_word' id='word_1_179' title='bbox 444 2017 517 2084; x_wconf 85' lang='lat' dir='ltr'><strong>Nam</strong></span> <span class='ocrx_word' id='word_1_180' title='bbox 542 2025 608 2104; x_wconf 93' lang='lat' dir='ltr'><strong>quia</strong></span> <span class='ocrx_word' id='word_1_181' title='bbox 633 2023 724 2084; x_wconf 91' lang='lat' dir='ltr'><strong>morbi</strong></span> <span class='ocrx_word' id='word_1_182' title='bbox 750 2025 825 2084; x_wconf 88' lang='lat' dir='ltr'><strong>vires</strong></span> <span class='ocrx_word' id='word_1_183' title='bbox 849 2030 960 2082; x_wconf 87' lang='lat' dir='ltr'><strong>nostras</strong></span> <span class='ocrx_word' id='word_1_184' title='bbox 981 2029 1174 2104; x_wconf 83' lang='lat' dir='ltr'><strong>praetemunt,</strong></span> <span class='ocrx_word' id='word_1_185' title='bbox 1194 2024 1313 2083; x_wconf 88' lang='lat' dir='ltr'><strong>totidem</strong></span> 
     </span>
     <span class='ocr_line' id='line_1_21' title="bbox 182 2099 1315 2183; baseline -0.006 -16"><span class='ocrx_word' id='word_1_186' title='bbox 182 2115 250 2167; x_wconf 82' lang='lat' dir='ltr'><strong>sunt</strong></span> <span class='ocrx_word' id='word_1_187' title='bbox 270 2099 368 2166; x_wconf 78' lang='lat' dir='ltr'><strong>mortis</strong></span> <span class='ocrx_word' id='word_1_188' title='bbox 388 2106 490 2176; x_wconf 88' lang='lat' dir='ltr'><strong>nuntii,</strong></span> <span class='ocrx_word' id='word_1_189' title='bbox 511 2105 561 2183; x_wconf 91' lang='lat' dir='ltr'><strong>qui</strong></span> <span class='ocrx_word' id='word_1_190' title='bbox 580 2123 633 2162; x_wconf 91' lang='lat' dir='ltr'><strong>nos</strong></span> <span class='ocrx_word' id='word_1_191' title='bbox 652 2103 810 2182; x_wconf 77' lang='lat' dir='ltr'><strong>fragilitatis</strong></span> <span class='ocrx_word' id='word_1_192' title='bbox 830 2108 945 2164; x_wconf 86' lang='lat' dir='ltr'><strong>nostrae</strong></span> <span class='ocrx_word' id='word_1_193' title='bbox 964 2103 1125 2162; x_wconf 83' lang='lat' dir='ltr'><strong>admonent.</strong></span> <span class='ocrx_word' id='word_1_194' title='bbox 1163 2101 1230 2162; x_wconf 90' lang='lat' dir='ltr'><strong>ldeo</strong></span> <span class='ocrx_word' id='word_1_195' title='bbox 1254 2121 1315 2161; x_wconf 94' lang='lat' dir='ltr'><strong>non</strong></span> 
     </span>
     <span class='ocr_line' id='line_1_22' title="bbox 181 2180 1315 2264; baseline -0.004 -17"><span class='ocrx_word' id='word_1_196' title='bbox 181 2188 285 2248; x_wconf 80' lang='lat' dir='ltr'><strong>frustra</strong></span> <span class='ocrx_word' id='word_1_197' title='bbox 307 2191 506 2264; x_wconf 83' lang='lat' dir='ltr'><strong>comparantur</strong></span> <span class='ocrx_word' id='word_1_198' title='bbox 526 2182 655 2256; x_wconf 86' lang='lat' dir='ltr'><strong>vinculis,</strong></span> <span class='ocrx_word' id='word_1_199' title='bbox 675 2182 777 2263; x_wconf 79' lang='lat' dir='ltr'><strong>quibua</strong></span> <span class='ocrx_word' id='word_1_200' title='bbox 796 2201 849 2241; x_wconf 92' lang='lat' dir='ltr'><strong>nos</strong></span> <span class='ocrx_word' id='word_1_201' title='bbox 860 2180 939 2241; x_wconf 84' lang='lat' dir='ltr'><strong>Deus</strong></span> <span class='ocrx_word' id='word_1_202' title='bbox 949 2183 986 2240; x_wconf 91' lang='lat' dir='ltr'><strong>ad</strong></span> <span class='ocrx_word' id='word_1_203' title='bbox 996 2184 1092 2262; x_wconf 79' lang='lat' dir='ltr'><strong>iugum</strong></span> <span class='ocrx_word' id='word_1_204' title='bbox 1104 2201 1186 2264; x_wconf 80' lang='lat' dir='ltr'><strong>snum</strong></span> <span class='ocrx_word' id='word_1_205' title='bbox 1197 2183 1315 2242; x_wconf 87' lang='lat' dir='ltr'><strong>adstrin-</strong></span> 
     </span>
     <span class='ocr_line' id='line_1_23' title="bbox 183 2259 1316 2344; baseline -0.003 -20"><span class='ocrx_word' id='word_1_206' title='bbox 183 2268 239 2344; x_wconf 74' lang='lat' dir='ltr'><strong>git,</strong></span> <span class='ocrx_word' id='word_1_207' title='bbox 264 2285 300 2325; x_wconf 92' lang='lat' dir='ltr'><strong>ne</strong></span> <span class='ocrx_word' id='word_1_208' title='bbox 325 2266 406 2342; x_wconf 79' lang='lat' dir='ltr'><strong>vigor</strong></span> <span class='ocrx_word' id='word_1_209' title='bbox 431 2271 460 2321; x_wconf 89' lang='lat' dir='ltr'><strong>et</strong></span> <span class='ocrx_word' id='word_1_210' title='bbox 485 2262 573 2321; x_wconf 86' lang='lat' dir='ltr'><strong>robur</strong></span> <span class='ocrx_word' id='word_1_211' title='bbox 596 2261 632 2320; x_wconf 91' lang='lat' dir='ltr'><strong>ad</strong></span> <span class='ocrx_word' id='word_1_212' title='bbox 657 2262 843 2342; x_wconf 85' lang='lat' dir='ltr'><strong>petulantiam</strong></span> <span class='ocrx_word' id='word_1_213' title='bbox 863 2280 916 2321; x_wconf 91' lang='lat' dir='ltr'><strong>nos</strong></span> <span class='ocrx_word' id='word_1_214' title='bbox 935 2263 1058 2322; x_wconf 89' lang='lat' dir='ltr'><strong>incitent.</strong></span> <span class='ocrx_word' id='word_1_215' title='bbox 1098 2259 1230 2321; x_wconf 71' lang='lat' dir='ltr'><strong>&amp;cundo</strong></span> <span class='ocrx_word' id='word_1_216' title='bbox 1250 2262 1316 2321; x_wconf 83' lang='lat' dir='ltr'><strong>loce</strong></span> 
     </span>
     <span class='ocr_line' id='line_1_24' title="bbox 108 2341 1316 2424; baseline -0.005 -20"><span class='ocrx_word' id='word_1_217' title='bbox 108 2403 111 2410; x_wconf 90' lang='grc'><em>,</em></span> <span class='ocrx_word' id='word_1_218' title='bbox 183 2347 250 2404; x_wconf 87' lang='lat' dir='ltr'><strong>dicit</strong></span> <span class='ocrx_word' id='word_1_219' title='bbox 270 2345 373 2424; x_wconf 90' lang='lat' dir='ltr'><strong>impios</strong></span> <span class='ocrx_word' id='word_1_220' title='bbox 393 2342 465 2401; x_wconf 87' lang='lat' dir='ltr'><strong>laeta</strong></span> <span class='ocrx_word' id='word_1_221' title='bbox 482 2341 652 2420; x_wconf 84' lang='lat' dir='ltr'><strong>quictelrui,</strong></span> <span class='ocrx_word' id='word_1_222' title='bbox 673 2351 701 2402; x_wconf 88' lang='lat' dir='ltr'><strong>et</strong></span> <span class='ocrx_word' id='word_1_223' title='bbox 711 2341 792 2422; x_wconf 88' lang='lat' dir='ltr'><strong>quasi</strong></span> <span class='ocrx_word' id='word_1_224' title='bbox 804 2342 952 2422; x_wconf 77' lang='lat' dir='ltr'><strong>privilegio</strong></span> <span class='ocrx_word' id='word_1_225' title='bbox 966 2341 1089 2420; x_wconf 88' lang='lat' dir='ltr'><strong>quodam</strong></span> <span class='ocrx_word' id='word_1_226' title='bbox 1105 2341 1243 2400; x_wconf 85' lang='lat' dir='ltr'><strong>immunes</strong></span> <span class='ocrx_word' id='word_1_227' title='bbox 1253 2359 1316 2399; x_wconf 80' lang='lat' dir='ltr'><strong>csse</strong></span> 
     </span>
     <span class='ocr_line' id='line_1_25' title="bbox 184 2419 1315 2501; baseline -0.005 -18"><span class='ocrx_word' id='word_1_228' title='bbox 184 2443 201 2483; x_wconf 89' lang='lat' dir='ltr'><strong>a</strong></span> <span class='ocrx_word' id='word_1_229' title='bbox 222 2423 349 2495; x_wconf 84' lang='lat' dir='ltr'><strong>miseriis,</strong></span> <span class='ocrx_word' id='word_1_230' title='bbox 370 2421 472 2501; x_wconf 88' lang='lat' dir='ltr'><strong>qulbus</strong></span> <span class='ocrx_word' id='word_1_231' title='bbox 492 2421 650 2480; x_wconf 83' lang='lat' dir='ltr'><strong>obnoxium</strong></span> <span class='ocrx_word' id='word_1_232' title='bbox 668 2428 712 2480; x_wconf 88' lang='lat' dir='ltr'><strong>cst</strong></span> <span class='ocrx_word' id='word_1_233' title='bbox 731 2427 824 2480; x_wconf 88' lang='lat' dir='ltr'><strong>totum</strong></span> <span class='ocrx_word' id='word_1_234' title='bbox 844 2422 932 2500; x_wconf 71' lang='lat' dir='ltr'><strong>genus</strong></span> <span class='ocrx_word' id='word_1_235' title='bbox 952 2419 1116 2480; x_wconf 87' lang='lat' dir='ltr'><strong>humanum.</strong></span> <span class='ocrx_word' id='word_1_236' title='bbox 1142 2419 1315 2500; x_wconf 83' lang='lat' dir='ltr'><strong>Quanquam</strong></span> 
     </span>
     <span class='ocr_line' id='line_1_26' title="bbox 182 2499 1317 2582; baseline -0.004 -20"><span class='ocrx_word' id='word_1_237' title='bbox 182 2507 262 2563; x_wconf 78' lang='lat' dir='ltr'><strong>anim</strong></span> <span class='ocrx_word' id='word_1_238' title='bbox 286 2504 363 2582; x_wconf 87' lang='lat' dir='ltr'><strong>ipsos</strong></span> <span class='ocrx_word' id='word_1_239' title='bbox 383 2519 498 2580; x_wconf 87' lang='lat' dir='ltr'><strong>quoquc</strong></span> <span class='ocrx_word' id='word_1_240' title='bbox 519 2501 668 2560; x_wconf 84' lang='lat' dir='ltr'><strong>involvunt</strong></span> <span class='ocrx_word' id='word_1_241' title='bbox 688 2502 879 2560; x_wconf 89' lang='lat' dir='ltr'><strong>communiter</strong></span> <span class='ocrx_word' id='word_1_242' title='bbox 897 2519 961 2558; x_wconf 89' lang='lat' dir='ltr'><strong>curn</strong></span> <span class='ocrx_word' id='word_1_243' title='bbox 981 2499 1063 2560; x_wconf 92' lang='lat' dir='ltr'><strong>nobis</strong></span> <span class='ocrx_word' id='word_1_244' title='bbox 1083 2501 1262 2574; x_wconf 85' lang='lat' dir='ltr'><strong>alllictinnes,</strong></span> <span class='ocrx_word' id='word_1_245' title='bbox 1286 2504 1317 2557; x_wconf 88' lang='lat' dir='ltr'><strong>et</strong></span> 
     </span>
     <span class='ocr_line' id='line_1_27' title="bbox 183 2577 1316 2658; baseline -0.004 -16"><span class='ocrx_word' id='word_1_246' title='bbox 183 2601 235 2642; x_wconf 89' lang='lat' dir='ltr'><strong>sua</strong></span> <span class='ocrx_word' id='word_1_247' title='bbox 261 2583 291 2640; x_wconf 91' lang='lat' dir='ltr'><strong>in</strong></span> <span class='ocrx_word' id='word_1_248' title='bbox 316 2601 365 2639; x_wconf 91' lang='lat' dir='ltr'><strong>cos</strong></span> <span class='ocrx_word' id='word_1_249' title='bbox 390 2581 491 2639; x_wconf 90' lang='lat' dir='ltr'><strong>iudicia</strong></span> <span class='ocrx_word' id='word_1_250' title='bbox 516 2599 599 2658; x_wconf 85' lang='lat' dir='ltr'><strong>saepe</strong></span> <span class='ocrx_word' id='word_1_251' title='bbox 620 2578 700 2638; x_wconf 81' lang='lat' dir='ltr'><strong>Deua</strong></span> <span class='ocrx_word' id='word_1_252' title='bbox 725 2586 852 2640; x_wconf 76' lang='lat' dir='ltr'><strong>exercet:</strong></span> <span class='ocrx_word' id='word_1_253' title='bbox 879 2577 959 2638; x_wconf 83' lang='lat' dir='ltr'><strong>Deus</strong></span> <span class='ocrx_word' id='word_1_254' title='bbox 979 2587 1075 2639; x_wconf 86' lang='lat' dir='ltr'><strong>tamon</strong></span> <span class='ocrx_word' id='word_1_255' title='bbox 1095 2579 1226 2638; x_wconf 90' lang='lat' dir='ltr'><strong>consulto</strong></span> <span class='ocrx_word' id='word_1_256' title='bbox 1245 2599 1316 2638; x_wconf 87' lang='lat' dir='ltr'><strong>nou·</strong></span> 
     </span>
     <span class='ocr_line' id='line_1_28' title="bbox 129 2657 1317 2738; baseline -0.005 -16"><span class='ocrx_word' id='word_1_257' title='bbox 129 2659 133 2676; x_wconf 68' lang='lat'><strong>¹</strong></span> <span class='ocrx_word' id='word_1_258' title='bbox 184 2662 278 2722; x_wconf 84' lang='lat' dir='ltr'><strong>nullos</strong></span> <span class='ocrx_word' id='word_1_259' title='bbox 303 2679 415 2738; x_wconf 84' lang='lat' dir='ltr'><strong>semper·</strong></span> <span class='ocrx_word' id='word_1_260' title='bbox 434 2659 463 2716; x_wconf 94' lang='lat' dir='ltr'><strong>in</strong></span> <span class='ocrx_word' id='word_1_261' title='bbox 483 2657 594 2717; x_wconf 87' lang='lat' dir='ltr'><strong>theatro</strong></span> <span class='ocrx_word' id='word_1_262' title='bbox 614 2657 704 2732; x_wconf 86' lang='lat' dir='ltr'><strong>locat,</strong></span> <span class='ocrx_word' id='word_1_263' title='bbox 723 2659 927 2718; x_wconf 84' lang='lat' dir='ltr'><strong>examinandae</strong></span> <span class='ocrx_word' id='word_1_264' title='bbox 951 2657 1016 2718; x_wconf 88' lang='lat' dir='ltr'><strong>fidei</strong></span> <span class='ocrx_word' id='word_1_265' title='bbox 1035 2667 1149 2719; x_wconf 86' lang='lat' dir='ltr'><strong>nostrae</strong></span> <span class='ocrx_word' id='word_1_266' title='bbox 1169 2677 1268 2730; x_wconf 84' lang='lat' dir='ltr'><strong>causa,</strong></span> <span class='ocrx_word' id='word_1_267' title='bbox 1282 2659 1317 2717; x_wconf 85' lang='lat' dir='ltr'><strong>ia</strong></span> 
     </span>
     <span class='ocr_line' id='line_1_29' title="bbox 128 2736 1318 2821; baseline -0.005 -20"><span class='ocrx_word' id='word_1_268' title='bbox 128 2751 136 2764; x_wconf 95' lang='grc'><em>’</em></span> <span class='ocrx_word' id='word_1_269' title='bbox 185 2741 289 2821; x_wconf 84' lang='lat' dir='ltr'><strong>quibus</strong></span> <span class='ocrx_word' id='word_1_270' title='bbox 310 2744 427 2818; x_wconf 89' lang='lat' dir='ltr'><strong>apparet</strong></span> <span class='ocrx_word' id='word_1_271' title='bbox 446 2736 591 2816; x_wconf 87' lang='lat' dir='ltr'><strong>exemptio</strong></span> <span class='ocrx_word' id='word_1_272' title='bbox 611 2755 627 2796; x_wconf 87' lang='lat' dir='ltr'><strong>a</strong></span> <span class='ocrx_word' id='word_1_273' title='bbox 647 2739 767 2796; x_wconf 86' lang='lat' dir='ltr'><strong>miseriis</strong></span> <span class='ocrx_word' id='word_1_274' title='bbox 787 2736 879 2818; x_wconf 89' lang='lat' dir='ltr'><strong>qualis</strong></span> <span class='ocrx_word' id='word_1_275' title='bbox 899 2737 945 2796; x_wconf 84' lang='lat' dir='ltr'><strong>hic</strong></span> <span class='ocrx_word' id='word_1_276' title='bbox 966 2739 1139 2800; x_wconf 71' lang='lat' dir='ltr'><strong>describitur.</strong></span> <span class='ocrx_word' id='word_1_277' title='bbox 1169 2737 1248 2797; x_wconf 85' lang='lat' dir='ltr'><strong>Haec</strong></span> <span class='ocrx_word' id='word_1_278' title='bbox 1267 2757 1318 2796; x_wconf 88' lang='lat' dir='ltr'><strong>au·</strong></span> 
     </span>
     <span class='ocr_line' id='line_1_30' title="bbox 186 2817 1316 2900; baseline -0.004 -20"><span class='ocrx_word' id='word_1_279' title='bbox 186 2829 244 2880; x_wconf 91' lang='lat' dir='ltr'><strong>tem</strong></span> <span class='ocrx_word' id='word_1_280' title='bbox 264 2819 357 2900; x_wconf 73' lang='lat' dir='ltr'><strong>gravis</strong></span> <span class='ocrx_word' id='word_1_281' title='bbox 378 2819 495 2876; x_wconf 86' lang='lat' dir='ltr'><strong>tentatio</strong></span> <span class='ocrx_word' id='word_1_282' title='bbox 516 2823 569 2874; x_wconf 86' lang='lat' dir='ltr'><strong>est.</strong></span> <span class='ocrx_word' id='word_1_283' title='bbox 589 2835 677 2896; x_wconf 90' lang='lat' dir='ltr'><strong>quum</strong></span> <span class='ocrx_word' id='word_1_284' title='bbox 697 2817 838 2878; x_wconf 88' lang='lat' dir='ltr'><strong>laboriosa</strong></span> <span class='ocrx_word' id='word_1_285' title='bbox 858 2819 895 2876; x_wconf 90' lang='lat' dir='ltr'><strong>sit</strong></span> <span class='ocrx_word' id='word_1_286' title='bbox 914 2823 944 2877; x_wconf 89' lang='lat' dir='ltr'><strong>ct</strong></span> <span class='ocrx_word' id='word_1_287' title='bbox 963 2819 1081 2877; x_wconf 82' lang='lat' dir='ltr'><strong>miseriis</strong></span> <span class='ocrx_word' id='word_1_288' title='bbox 1101 2818 1205 2888; x_wconf 79' lang='lat' dir='ltr'><strong>retecta</strong></span> <span class='ocrx_word' id='word_1_289' title='bbox 1227 2817 1316 2876; x_wconf 88' lang='lat' dir='ltr'><strong>homi·</strong></span> 
     </span>
     <span class='ocr_line' id='line_1_31' title="bbox 186 2893 1317 2978; baseline -0.004 -20"><span class='ocrx_word' id='word_1_290' title='bbox 186 2919 253 2958; x_wconf 81' lang='lat' dir='ltr'><strong>num</strong></span> <span class='ocrx_word' id='word_1_291' title='bbox 269 2900 353 2967; x_wconf 54' lang='lat' dir='ltr'><strong>tutta,</strong></span> <span class='ocrx_word' id='word_1_292' title='bbox 377 2903 463 2976; x_wconf 87' lang='lat' dir='ltr'><strong>atque</strong></span> <span class='ocrx_word' id='word_1_293' title='bbox 487 2893 618 2954; x_wconf 85' lang='lat' dir='ltr'><strong>omnibus</strong></span> <span class='ocrx_word' id='word_1_294' title='bbox 645 2899 817 2978; x_wconf 77' lang='lat' dir='ltr'><strong>praescripta</strong></span> <span class='ocrx_word' id='word_1_295' title='bbox 836 2899 873 2957; x_wconf 85' lang='lat' dir='ltr'><strong>sit</strong></span> <span class='ocrx_word' id='word_1_296' title='bbox 892 2897 963 2957; x_wconf 87' lang='lat' dir='ltr'><strong>haec</strong></span> <span class='ocrx_word' id='word_1_297' title='bbox 975 2899 1028 2955; x_wconf 81' lang='lat' dir='ltr'><strong>lex</strong></span> <span class='ocrx_word' id='word_1_298' title='bbox 1048 2917 1083 2956; x_wconf 85' lang='lat' dir='ltr'><strong>ac</strong></span> <span class='ocrx_word' id='word_1_299' title='bbox 1101 2898 1174 2958; x_wconf 85' lang='lat' dir='ltr'><strong>ratio</strong></span> <span class='ocrx_word' id='word_1_300' title='bbox 1194 2898 1317 2970; x_wconf 85' lang='lat' dir='ltr'><strong>vivendi,</strong></span> 
     </span>
     <span class='ocr_line' id='line_1_32' title="bbox 187 2973 1318 3058; baseline -0.002 -22"><span class='ocrx_word' id='word_1_301' title='bbox 187 2979 258 3038; x_wconf 83' lang='lat' dir='ltr'><strong>Gen.</strong></span> <span class='ocrx_word' id='word_1_302' title='bbox 278 2980 309 3048; x_wconf 84' lang='lat'><strong>3,</strong></span> <span class='ocrx_word' id='word_1_303' title='bbox 329 2979 376 3038; x_wconf 82' lang='lat'><strong>19.</strong></span> <span class='ocrx_word' id='word_1_304' title='bbox 397 2993 511 3034; x_wconf 81' lang='lat' dir='ltr'><strong>cernere</strong></span> <span class='ocrx_word' id='word_1_305' title='bbox 526 2973 580 3035; x_wconf 89' lang='lat' dir='ltr'><strong>Dei</strong></span> <span class='ocrx_word' id='word_1_306' title='bbox 601 2982 809 3053; x_wconf 87' lang='lat' dir='ltr'><strong>contemptores</strong></span> <span class='ocrx_word' id='word_1_307' title='bbox 828 2977 858 3034; x_wconf 93' lang='lat' dir='ltr'><strong>in</strong></span> <span class='ocrx_word' id='word_1_308' title='bbox 878 2977 944 3035; x_wconf 66' lang='lat' dir='ltr'><strong>suisv</strong></span> <span class='ocrx_word' id='word_1_309' title='bbox 957 2976 1066 3036; x_wconf 80' lang='lat' dir='ltr'><strong>deliciis</strong></span> <span class='ocrx_word' id='word_1_310' title='bbox 1082 2979 1240 3058; x_wconf 70' lang='lat' dir='ltr'><strong>quiescere,</strong></span> <span class='ocrx_word' id='word_1_311' title='bbox 1260 2977 1318 3036; x_wconf 90' lang='lat' dir='ltr'><strong>acsi</strong></span> 
     </span>
     <span class='ocr_line' id='line_1_33' title="bbox 186 3055 1052 3132; baseline -0.001 -15"><span class='ocrx_word' id='word_1_312' title='bbox 186 3077 203 3117; x_wconf 87' lang='lat' dir='ltr'><strong>c</strong></span> <span class='ocrx_word' id='word_1_313' title='bbox 223 3057 329 3116; x_wconf 90' lang='lat' dir='ltr'><strong>mundo</strong></span> <span class='ocrx_word' id='word_1_314' title='bbox 349 3057 378 3113; x_wconf 94' lang='lat' dir='ltr'><strong>in</strong></span> <span class='ocrx_word' id='word_1_315' title='bbox 399 3055 549 3114; x_wconf 82' lang='lat' dir='ltr'><strong>cbelestcm</strong></span> <span class='ocrx_word' id='word_1_316' title='bbox 568 3055 692 3132; x_wconf 83' lang='lat' dir='ltr'><strong>aliquem</strong></span> <span class='ocrx_word' id='word_1_317' title='bbox 713 3055 811 3115; x_wconf 83' lang='lat' dir='ltr'><strong>nidum</strong></span> <span class='ocrx_word' id='word_1_318' title='bbox 829 3056 931 3116; x_wconf 77' lang='lat' dir='ltr'><strong>sublati</strong></span> <span class='ocrx_word' id='word_1_319' title='bbox 952 3057 1052 3116; x_wconf 87' lang='lat' dir='ltr'><strong>terent.</strong></span> 
     </span>
    </p>

    <p class='ocr_par' dir='ltr' id='par_1_6' title="bbox 167 3133 1362 4482">
     <span class='ocr_line' id='line_1_34' title="bbox 266 3133 1362 3218; baseline -0.002 -22"><span class='ocrx_word' id='word_1_320' title='bbox 266 3139 294 3196; x_wconf 87' lang='grc'><strong>6.</strong></span> <span class='ocrx_word' id='word_1_321' title='bbox 315 3139 481 3214; x_wconf 77' lang='lat' dir='ltr'><strong>Propterea</strong></span> <span class='ocrx_word' id='word_1_322' title='bbox 503 3136 675 3194; x_wconf 66' lang='lat' dir='ltr'><strong>cncumdnt.</strong></span> <span class='ocrx_word' id='word_1_323' title='bbox 704 3133 829 3215; x_wconf 76' lang='lat' dir='ltr'><strong>Longius</strong></span> <span class='ocrx_word' id='word_1_324' title='bbox 849 3136 1028 3218; x_wconf 78' lang='lat' dir='ltr'><strong>progreditur</strong></span> <span class='ocrx_word' id='word_1_325' title='bbox 1048 3136 1117 3196; x_wconf 83' lang='lat' dir='ltr'><strong>haec</strong></span> <span class='ocrx_word' id='word_1_326' title='bbox 1136 3135 1320 3216; x_wconf 79' lang='lat' dir='ltr'><strong>querimonia,</strong></span> <span class='ocrx_word' id='word_1_327' title='bbox 1357 3164 1362 3180; x_wconf 51' lang='lat' dir='ltr'>x</span> 
     </span>
     <span class='ocr_line' id='line_1_35' title="bbox 188 3213 1320 3296; baseline 0 -22"><span class='ocrx_word' id='word_1_328' title='bbox 188 3213 266 3296; x_wconf 92' lang='lat' dir='ltr'><strong>qnod</strong></span> <span class='ocrx_word' id='word_1_329' title='bbox 286 3215 380 3285; x_wconf 85' lang='lat' dir='ltr'><strong>Dens,</strong></span> <span class='ocrx_word' id='word_1_330' title='bbox 405 3230 493 3291; x_wconf 90' lang='lat' dir='ltr'><strong>quum</strong></span> <span class='ocrx_word' id='word_1_331' title='bbox 517 3214 595 3292; x_wconf 86' lang='lat' dir='ltr'><strong>ipsos</strong></span> <span class='ocrx_word' id='word_1_332' title='bbox 620 3213 716 3272; x_wconf 87' lang='lat' dir='ltr'><strong>videat</strong></span> <span class='ocrx_word' id='word_1_333' title='bbox 737 3219 788 3274; x_wconf 77' lang='lat' dir='ltr'><strong>sut</strong></span> <span class='ocrx_word' id='word_1_334' title='bbox 814 3213 988 3276; x_wconf 80' lang='lat' dir='ltr'><strong>humanitate</strong></span> <span class='ocrx_word' id='word_1_335' title='bbox 1007 3215 1120 3295; x_wconf 78' lang='lat' dir='ltr'><strong>indigne</strong></span> <span class='ocrx_word' id='word_1_336' title='bbox 1138 3222 1168 3274; x_wconf 90' lang='lat' dir='ltr'><strong>et</strong></span> <span class='ocrx_word' id='word_1_337' title='bbox 1185 3215 1320 3274; x_wconf 84' lang='lat' dir='ltr'><strong>scelerate</strong></span> 
     </span>
     <span class='ocr_line' id='line_1_36' title="bbox 189 3291 1321 3371; baseline -0.001 -18"><span class='ocrx_word' id='word_1_338' title='bbox 189 3295 282 3366; x_wconf 88' lang='lat' dir='ltr'><strong>abuti,</strong></span> <span class='ocrx_word' id='word_1_339' title='bbox 307 3313 407 3354; x_wconf 88' lang='lat' dir='ltr'><strong>eorum</strong></span> <span class='ocrx_word' id='word_1_340' title='bbox 427 3299 522 3350; x_wconf 86' lang='lat' dir='ltr'><strong>tamen</strong></span> <span class='ocrx_word' id='word_1_341' title='bbox 542 3293 770 3371; x_wconf 82' lang='lat' dir='ltr'><strong>ingratitudinem</strong></span> <span class='ocrx_word' id='word_1_342' title='bbox 790 3299 818 3352; x_wconf 89' lang='lat' dir='ltr'><strong>et</strong></span> <span class='ocrx_word' id='word_1_343' title='bbox 839 3297 1044 3354; x_wconf 86' lang='lat' dir='ltr'><strong>contumaciam</strong></span> <span class='ocrx_word' id='word_1_344' title='bbox 1064 3295 1184 3354; x_wconf 89' lang='lat' dir='ltr'><strong>tolleret.</strong></span> <span class='ocrx_word' id='word_1_345' title='bbox 1225 3291 1321 3352; x_wconf 84' lang='lat' dir='ltr'><strong>Utitur</strong></span> 
     </span>
     <span class='ocr_line' id='line_1_37' title="bbox 188 3369 1321 3454; baseline -0.003 -21"><span class='ocrx_word' id='word_1_346' title='bbox 188 3381 285 3436; x_wconf 87' lang='lat' dir='ltr'><strong>autem</strong></span> <span class='ocrx_word' id='word_1_347' title='bbox 306 3369 487 3432; x_wconf 79' lang='lat' dir='ltr'><strong>similitudine</strong></span> <span class='ocrx_word' id='word_1_348' title='bbox 506 3374 634 3436; x_wconf 74' lang='lat' dir='ltr'><strong>vestitus,</strong></span> <span class='ocrx_word' id='word_1_349' title='bbox 654 3379 685 3430; x_wconf 92' lang='lat' dir='ltr'><strong>ut</strong></span> <span class='ocrx_word' id='word_1_350' title='bbox 706 3393 756 3432; x_wconf 87' lang='lat' dir='ltr'><strong>nos</strong></span> <span class='ocrx_word' id='word_1_351' title='bbox 777 3373 943 3434; x_wconf 76' lang='lat' dir='ltr'><strong>ostendatis</strong></span> <span class='ocrx_word' id='word_1_352' title='bbox 954 3373 1096 3434; x_wconf 85' lang='lat' dir='ltr'><strong>maleficiis</strong></span> <span class='ocrx_word' id='word_1_353' title='bbox 1106 3373 1228 3454; x_wconf 82' lang='lat' dir='ltr'><strong>gloriari.</strong></span> <span class='ocrx_word' id='word_1_354' title='bbox 1248 3371 1321 3430; x_wconf 86' lang='lat' dir='ltr'><strong>Ver·</strong></span> 
     </span>
     <span class='ocr_line' id='line_1_38' title="bbox 189 3450 1321 3534; baseline -0.002 -22"><span class='ocrx_word' id='word_1_355' title='bbox 189 3453 266 3515; x_wconf 87' lang='lat' dir='ltr'><strong>bum.</strong></span> <span class='ocrx_word' id='word_1_356' title='bbox 304 3457 348 3520; x_wconf 58' lang='grc' dir='ltr'><strong>ᾖν</strong></span> <span class='ocrx_word' id='word_1_357' title='bbox 374 3469 391 3511; x_wconf 86' lang='lat' dir='ltr'><strong>a</strong></span> <span class='ocrx_word' id='word_1_358' title='bbox 415 3457 519 3529; x_wconf 88' lang='lat' dir='ltr'><strong>torque</strong></span> <span class='ocrx_word' id='word_1_359' title='bbox 544 3450 698 3510; x_wconf 85' lang='lat' dir='ltr'><strong>deducitur.</strong></span> <span class='ocrx_word' id='word_1_360' title='bbox 739 3451 839 3531; x_wconf 85' lang='lat' dir='ltr'><strong>ltaque</strong></span> <span class='ocrx_word' id='word_1_361' title='bbox 863 3455 965 3534; x_wconf 86' lang='lat' dir='ltr'><strong>impios</strong></span> <span class='ocrx_word' id='word_1_362' title='bbox 991 3455 1132 3514; x_wconf 81' lang='lat' dir='ltr'><strong>dicit¹eua</strong></span> <span class='ocrx_word' id='word_1_363' title='bbox 1156 3451 1271 3513; x_wconf 87' lang='lat' dir='ltr'><strong>audacia</strong></span> <span class='ocrx_word' id='word_1_364' title='bbox 1290 3459 1321 3510; x_wconf 88' lang='lat' dir='ltr'><strong>et</strong></span> 
     </span>
     <span class='ocr_line' id='line_1_39' title="bbox 188 3457 1321 3611; baseline -0.004 -19"><span class='ocrx_word' id='word_1_365' title='bbox 188 3457 302 3592; x_wconf 55' lang='lat' dir='ltr'><strong>furor?</strong></span> <span class='ocrx_word' id='word_1_366' title='bbox 312 3549 370 3590; x_wconf 89' lang='lat' dir='ltr'><strong>non</strong></span> <span class='ocrx_word' id='word_1_367' title='bbox 395 3547 476 3590; x_wconf 87' lang='lat' dir='ltr'><strong>secus</strong></span> <span class='ocrx_word' id='word_1_368' title='bbox 500 3529 614 3608; x_wconf 76' lang='lat' dir='ltr'><strong>gloriari</strong></span> <span class='ocrx_word' id='word_1_369' title='bbox 634 3533 690 3590; x_wconf 78' lang='lat' dir='ltr'><strong>acsi</strong></span> <span class='ocrx_word' id='word_1_370' title='bbox 704 3531 854 3611; x_wconf 81' lang='lat' dir='ltr'><strong>&#39;splendide</strong></span> <span class='ocrx_word' id='word_1_371' title='bbox 872 3552 960 3592; x_wconf 85' lang='lat' dir='ltr'><strong>aureo</strong></span> <span class='ocrx_word' id='word_1_372' title='bbox 979 3539 1082 3611; x_wconf 85' lang='lat' dir='ltr'><strong>torque</strong></span> <span class='ocrx_word' id='word_1_373' title='bbox 1102 3532 1194 3591; x_wconf 87' lang='lat' dir='ltr'><strong>ornati</strong></span> <span class='ocrx_word' id='word_1_374' title='bbox 1212 3532 1321 3590; x_wconf 83' lang='lat' dir='ltr'><strong>forent:</strong></span> 
     </span>
     <span class='ocr_line' id='line_1_40' title="bbox 189 3609 1322 3692; baseline 0.002 -24"><span class='ocrx_word' id='word_1_375' title='bbox 189 3609 353 3670; x_wconf 82' lang='lat' dir='ltr'><strong>violentiam</strong></span> <span class='ocrx_word' id='word_1_376' title='bbox 377 3609 432 3667; x_wconf 83' lang='lat' dir='ltr'><strong>illis</strong></span> <span class='ocrx_word' id='word_1_377' title='bbox 456 3627 517 3666; x_wconf 85' lang='lat' dir='ltr'><strong>esse</strong></span> <span class='ocrx_word' id='word_1_378' title='bbox 542 3629 594 3690; x_wconf 88' lang='lat' dir='ltr'><strong>pro</strong></span> <span class='ocrx_word' id='word_1_379' title='bbox 613 3610 734 3682; x_wconf 83' lang='lat' dir='ltr'><strong>amictu,</strong></span> <span class='ocrx_word' id='word_1_380' title='bbox 758 3613 941 3690; x_wconf 83' lang='lat' dir='ltr'><strong>qnoniamin</strong></span> <span class='ocrx_word' id='word_1_381' title='bbox 961 3631 993 3672; x_wconf 81' lang='lat' dir='ltr'><strong>aa</strong></span> <span class='ocrx_word' id='word_1_382' title='bbox 1013 3611 1213 3692; x_wconf 86' lang='lat' dir='ltr'><strong>pulcerrimum</strong></span> <span class='ocrx_word' id='word_1_383' title='bbox 1234 3609 1322 3670; x_wconf 84' lang='lat' dir='ltr'><strong>decus</strong></span> 
     </span>
     <span class='ocr_line' id='line_1_41' title="bbox 184 3685 1323 3763; baseline 0 -13"><span class='ocrx_word' id='word_1_384' title='bbox 184 3705 254 3750; x_wconf 80' lang='lat' dir='ltr'><strong>esse</strong></span> <span class='ocrx_word' id='word_1_385' title='bbox 272 3689 443 3748; x_wconf 81' lang='lat' dir='ltr'><strong>existimant.</strong></span> <span class='ocrx_word' id='word_1_386' title='bbox 462 3685 536 3748; x_wconf 88' lang='lat' dir='ltr'><strong>Nam</strong></span> <span class='ocrx_word' id='word_1_387' title='bbox 577 3690 635 3749; x_wconf 89' lang='lat' dir='ltr'><strong>nod</strong></span> <span class='ocrx_word' id='word_1_388' title='bbox 654 3695 733 3759; x_wconf 60' lang='grc' dir='ltr'><strong>ΓΜ</strong></span> <span class='ocrx_word' id='word_1_389' title='bbox 753 3693 881 3751; x_wconf 87' lang='lat' dir='ltr'><strong>nonnulli</strong></span> <span class='ocrx_word' id='word_1_390' title='bbox 900 3697 1014 3751; x_wconf 87' lang='lat' dir='ltr'><strong>vertunt</strong></span> <span class='ocrx_word' id='word_1_391' title='bbox 1033 3689 1128 3763; x_wconf 86' lang='lat' dir='ltr'><strong>Nates,</strong></span> <span class='ocrx_word' id='word_1_392' title='bbox 1148 3697 1323 3750; x_wconf 75' lang='lat' dir='ltr'><strong>acontcxtu</strong></span> 
     </span>
     <span class='ocr_line' id='line_1_42' title="bbox 190 3709 1325 3850; baseline 0 -20"><span class='ocrx_word' id='word_1_393' title='bbox 190 3769 275 3829; x_wconf 89' lang='lat' dir='ltr'><strong>nimis</strong></span> <span class='ocrx_word' id='word_1_394' title='bbox 300 3774 345 3827; x_wconf 84' lang='lat' dir='ltr'><strong>est</strong></span> <span class='ocrx_word' id='word_1_395' title='bbox 365 3773 513 3828; x_wconf 78' lang='lat' dir='ltr'><strong>remotum.</strong></span> <span class='ocrx_word' id='word_1_396' title='bbox 555 3709 616 3846; x_wconf 68' lang='lat' dir='ltr'><strong>ligo</strong></span> <span class='ocrx_word' id='word_1_397' title='bbox 630 3770 809 3847; x_wconf 85' lang='lat' dir='ltr'><strong>ita&#39;quenon</strong></span> <span class='ocrx_word' id='word_1_398' title='bbox 830 3771 927 3830; x_wconf 87' lang='lat' dir='ltr'><strong>dubito</strong></span> <span class='ocrx_word' id='word_1_399' title='bbox 948 3772 1016 3850; x_wconf 91' lang='lat' dir='ltr'><strong>quin</strong></span> <span class='ocrx_word' id='word_1_400' title='bbox 1038 3769 1146 3843; x_wconf 85' lang='lat' dir='ltr'><strong>David,</strong></span> <span class='ocrx_word' id='word_1_401' title='bbox 1168 3778 1325 3850; x_wconf 77' lang='lat' dir='ltr'><strong>postquam</strong></span> 
     </span>
     <span class='ocr_line' id='line_1_43' title="bbox 192 3845 1324 3952; baseline 0.002 -44"><span class='ocrx_word' id='word_1_402' title='bbox 192 3865 209 3910; x_wconf 90' lang='lat' dir='ltr'><strong>a</strong></span> <span class='ocrx_word' id='word_1_403' title='bbox 229 3846 322 3927; x_wconf 87' lang='lat' dir='ltr'><strong>capite</strong></span> <span class='ocrx_word' id='word_1_404' title='bbox 341 3847 387 3906; x_wconf 89' lang='lat' dir='ltr'><strong>vet</strong></span> <span class='ocrx_word' id='word_1_405' title='bbox 406 3845 482 3908; x_wconf 87' lang='lat' dir='ltr'><strong>eollo</strong></span> <span class='ocrx_word' id='word_1_406' title='bbox 502 3849 609 3927; x_wconf 82' lang='lat' dir='ltr'><strong>incepit</strong></span> <span class='ocrx_word' id='word_1_407' title='bbox 627 3851 711 3921; x_wconf 88' lang='lat' dir='ltr'><strong>(nam</strong></span> <span class='ocrx_word' id='word_1_408' title='bbox 731 3849 850 3910; x_wconf 82' lang='lat' dir='ltr'><strong>verbum</strong></span> <span class='ocrx_word' id='word_1_409' title='bbox 870 3855 939 3952; x_wconf 64' lang='lat' dir='ltr'><em>W</em></span> <span class='ocrx_word' id='word_1_410' title='bbox 959 3851 1043 3910; x_wconf 82' lang='lat' dir='ltr'><strong>etiarn</strong></span> <span class='ocrx_word' id='word_1_411' title='bbox 1064 3869 1199 3912; x_wconf 86' lang='lat' dir='ltr'><strong>coronare</strong></span> <span class='ocrx_word' id='word_1_412' title='bbox 1217 3849 1324 3932; x_wconf 75' lang='lat' dir='ltr'><strong>signiti-</strong></span> 
     </span>
     <span class='ocr_line' id='line_1_44' title="bbox 191 3925 1324 4007; baseline 0.004 -21"><span class='ocrx_word' id='word_1_413' title='bbox 191 3927 250 4004; x_wconf 91' lang='lat' dir='ltr'><strong>cat)</strong></span> <span class='ocrx_word' id='word_1_414' title='bbox 270 3945 347 3986; x_wconf 89' lang='lat' dir='ltr'><strong>nnnc</strong></span> <span class='ocrx_word' id='word_1_415' title='bbox 366 3945 424 3984; x_wconf 88' lang='lat' dir='ltr'><strong>uno</strong></span> <span class='ocrx_word' id='word_1_416' title='bbox 445 3925 533 3985; x_wconf 85' lang='lat' dir='ltr'><strong>verbo</strong></span> <span class='ocrx_word' id='word_1_417' title='bbox 553 3927 844 4007; x_wconf 81' lang='lat' dir='ltr'><strong>cornpleoti·&#39;voluerit</strong></span> <span class='ocrx_word' id='word_1_418' title='bbox 862 3937 955 3990; x_wconf 88' lang='lat' dir='ltr'><strong>totum</strong></span> <span class='ocrx_word' id='word_1_419' title='bbox 974 3933 1116 3994; x_wconf 82' lang='lat' dir='ltr'><strong>vestitum.</strong></span> <span class='ocrx_word' id='word_1_420' title='bbox 1135 3929 1254 3990; x_wconf 82' lang='lat' dir='ltr'><strong>Summa</strong></span> <span class='ocrx_word' id='word_1_421' title='bbox 1273 3949 1324 3990; x_wconf 71' lang='lat' dir='ltr'><strong>an</strong></span> 
     </span>
     <span class='ocr_line' id='line_1_45' title="bbox 191 4006 1324 4091; baseline 0.002 -26"><span class='ocrx_word' id='word_1_422' title='bbox 191 4013 252 4068; x_wconf 86' lang='lat' dir='ltr'><strong>tem</strong></span> <span class='ocrx_word' id='word_1_423' title='bbox 271 4013 325 4080; x_wconf 80' lang='lat' dir='ltr'><strong>est,</strong></span> <span class='ocrx_word' id='word_1_424' title='bbox 345 4009 490 4065; x_wconf 79' lang='lat' dir='ltr'><strong>excaecari</strong></span> <span class='ocrx_word' id='word_1_425' title='bbox 505 4006 672 4088; x_wconf 27' lang='lat' dir='ltr'><strong>impiosqsua</strong></span> <span class='ocrx_word' id='word_1_426' title='bbox 690 4007 830 4084; x_wconf 78' lang='lat' dir='ltr'><strong>felicitate,</strong></span> <span class='ocrx_word' id='word_1_427' title='bbox 851 4015 883 4068; x_wconf 92' lang='lat' dir='ltr'><strong>ut</strong></span> <span class='ocrx_word' id='word_1_428' title='bbox 898 4027 943 4068; x_wconf 89' lang='lat' dir='ltr'><strong>ma</strong></span> <span class='ocrx_word' id='word_1_429' title='bbox 964 4010 985 4067; x_wconf 90' lang='lat' dir='ltr'><strong>&#39;s</strong></span> <span class='ocrx_word' id='word_1_430' title='bbox 1001 4029 1035 4068; x_wconf 85' lang='lat' dir='ltr'><strong>ac</strong></span> <span class='ocrx_word' id='word_1_431' title='bbox 1045 4012 1132 4091; x_wconf 77' lang='lat' dir='ltr'><strong>magis</strong></span> <span class='ocrx_word' id='word_1_432' title='bbox 1146 4011 1324 4068; x_wconf 86' lang='lat' dir='ltr'><strong>insolescant.</strong></span> 
     </span>
     <span class='ocr_line' id='line_1_46' title="bbox 193 4028 1325 4167; baseline 0.002 -23"><span class='ocrx_word' id='word_1_433' title='bbox 193 4083 232 4144; x_wconf 87' lang='lat' dir='ltr'><strong>Et</strong></span> <span class='ocrx_word' id='word_1_434' title='bbox 256 4091 323 4166; x_wconf 84' lang='lat' dir='ltr'><strong>apte</strong></span> <span class='ocrx_word' id='word_1_435' title='bbox 346 4085 519 4166; x_wconf 73' lang='lat' dir='ltr'><strong>superbiam}</strong></span> <span class='ocrx_word' id='word_1_436' title='bbox 532 4089 626 4167; x_wconf 74' lang='lat' dir='ltr'><strong>ptime</strong></span> <span class='ocrx_word' id='word_1_437' title='bbox 650 4085 716 4150; x_wconf 87' lang='lat' dir='ltr'><strong>loeo</strong></span> <span class='ocrx_word' id='word_1_438' title='bbox 740 4089 851 4160; x_wconf 85' lang='lat' dir='ltr'><strong>statuit,</strong></span> <span class='ocrx_word' id='word_1_439' title='bbox 878 4028 979 4150; x_wconf 57' lang='lat' dir='ltr'><strong>deludi</strong></span> <span class='ocrx_word' id='word_1_440' title='bbox 997 4089 1161 4150; x_wconf 84' lang='lat' dir='ltr'><strong>violentiam</strong></span> <span class='ocrx_word' id='word_1_441' title='bbox 1180 4087 1258 4150; x_wconf 90' lang='lat' dir='ltr'><strong>addit</strong></span> <span class='ocrx_word' id='word_1_442' title='bbox 1277 4107 1325 4146; x_wconf 88' lang='lat' dir='ltr'><strong>co·</strong></span> 
     </span>
     <span class='ocr_line' id='line_1_47' title="bbox 194 4163 1326 4249; baseline 0.001 -25"><span class='ocrx_word' id='word_1_443' title='bbox 194 4165 301 4241; x_wconf 81' lang='lat' dir='ltr'><strong>mitem.</strong></span> <span class='ocrx_word' id='word_1_444' title='bbox 341 4163 423 4224; x_wconf 90' lang='lat' dir='ltr'><strong>Unde</strong></span> <span class='ocrx_word' id='word_1_445' title='bbox 448 4165 536 4242; x_wconf 80' lang='lat' dir='ltr'><strong>enirn¹</strong></span> <span class='ocrx_word' id='word_1_446' title='bbox 551 4165 590 4240; x_wconf 45' lang='lat' dir='ltr'><strong>fit,</strong></span> <span class='ocrx_word' id='word_1_447' title='bbox 603 4171 635 4224; x_wconf 87' lang='lat' dir='ltr'><strong>ut</strong></span> <span class='ocrx_word' id='word_1_448' title='bbox 655 4166 766 4246; x_wconf 90' lang='lat' dir='ltr'><strong>rapiant</strong></span> <span class='ocrx_word' id='word_1_449' title='bbox 785 4187 819 4238; x_wconf 82' lang='lat' dir='ltr'><strong>ao</strong></span> <span class='ocrx_word' id='word_1_450' title='bbox 839 4169 1010 4248; x_wconf 84' lang='lat' dir='ltr'><strong>praedentur</strong></span> <span class='ocrx_word' id='word_1_451' title='bbox 1029 4171 1217 4249; x_wconf 88' lang='lat' dir='ltr'><strong>undecunque</strong></span> <span class='ocrx_word' id='word_1_452' title='bbox 1236 4169 1326 4248; x_wconf 90' lang='lat' dir='ltr'><strong>impii,</strong></span> 
     </span>
     <span class='ocr_line' id='line_1_48' title="bbox 194 4241 1327 4328; baseline 0.004 -28"><span class='ocrx_word' id='word_1_453' title='bbox 194 4249 364 4324; x_wconf 83' lang='lat' dir='ltr'><strong>tantumque</strong></span> <span class='ocrx_word' id='word_1_454' title='bbox 388 4243 710 4324; x_wconf 79' lang='lat' dir='ltr'><strong>saevitiqc&#39;eirerccant,</strong></span> <span class='ocrx_word' id='word_1_455' title='bbox 736 4246 789 4304; x_wconf 86' lang='lat' dir='ltr'><strong>nisi</strong></span> <span class='ocrx_word' id='word_1_456' title='bbox 815 4245 884 4326; x_wconf 77' lang='lat' dir='ltr'><strong>qnia&#39;</strong></span> <span class='ocrx_word' id='word_1_457' title='bbox 907 4243 960 4328; x_wconf 83' lang='lat' dir='ltr'><strong>pr&#39;o</strong></span> <span class='ocrx_word' id='word_1_458' title='bbox 985 4245 1081 4310; x_wconf 85' lang='lat' dir='ltr'><strong>nilrilo&#39;</strong></span> <span class='ocrx_word' id='word_1_459' title='bbox 1100 4241 1208 4308; x_wconf 84' lang='lat' dir='ltr'><strong>ducunt</strong></span> <span class='ocrx_word' id='word_1_460' title='bbox 1227 4245 1327 4307; x_wconf 85' lang='lat' dir='ltr'><strong>nnrncs</strong></span> 
     </span>
     <span class='ocr_line' id='line_1_49' title="bbox 193 4323 1326 4410; baseline 0.004 -29"><span class='ocrx_word' id='word_1_461' title='bbox 193 4323 286 4388; x_wconf 73' lang='lat' dir='ltr'><strong>&#39;aliosi</strong></span> <span class='ocrx_word' id='word_1_462' title='bbox 312 4325 381 4401; x_wconf 88' lang='lat' dir='ltr'><strong>quin</strong></span> <span class='ocrx_word' id='word_1_463' title='bbox 406 4325 513 4402; x_wconf 70' lang='lat' dir='ltr'><strong>potius*</strong></span> <span class='ocrx_word' id='word_1_464' title='bbox 526 4324 579 4383; x_wconf 84' lang='lat' dir='ltr'><strong>sibi</strong></span> <span class='ocrx_word' id='word_1_465' title='bbox 602 4329 701 4382; x_wconf 76' lang='lat' dir='ltr'><strong>clitum</strong></span> <span class='ocrx_word' id='word_1_466' title='bbox 721 4340 783 4386; x_wconf 79' lang='lat' dir='ltr'><strong>ease</strong></span> <span class='ocrx_word' id='word_1_467' title='bbox 802 4325 914 4406; x_wconf 79' lang='lat' dir='ltr'><strong>fingunt</strong></span> <span class='ocrx_word' id='word_1_468' title='bbox 934 4327 1091 4388; x_wconf 78' lang='lat' dir='ltr'><strong>h&#39;nmanum</strong></span> <span class='ocrx_word' id='word_1_469' title='bbox 1111 4347 1209 4410; x_wconf 56' lang='lat' dir='ltr'><strong>mnus.</strong></span> <span class='ocrx_word' id='word_1_470' title='bbox 1242 4325 1326 4407; x_wconf 78' lang='lat' dir='ltr'><strong>&#39;llige</strong></span> 
     </span>
     <span class='ocr_line' id='line_1_50' title="bbox 167 4400 1239 4482; baseline 0.001 -19"><span class='ocrx_word' id='word_1_471' title='bbox 167 4411 172 4420; x_wconf 87' lang='lat'>&#39;</span> <span class='ocrx_word' id='word_1_472' title='bbox 196 4400 329 4482; x_wconf 81' lang='lat' dir='ltr'><strong>superbia</strong></span> <span class='ocrx_word' id='word_1_473' title='bbox 348 4403 729 4474; x_wconf 79' lang='lat' dir='ltr'><strong>omnis&#39;violentiae&#39;mater.</strong></span> <span class='ocrx_word' id='word_1_474' title='bbox 1234 4439 1239 4448; x_wconf 92' lang='lat'>·</span> 
     </span>
    </p>
   </div>
   <div class='ocr_carea' id='block_1_5' title="bbox 0 0 1460 4888">
    <p class='ocr_par' dir='ltr' id='par_1_7' title="bbox 0 0 1460 4888">
     <span class='ocr_line' id='line_1_51' title="bbox 0 0 1460 4888; baseline 0 0"><span class='ocrx_word' id='word_1_475' title='bbox 0 0 1460 4888; x_wconf 95' lang='lat' dir='ltr'><strong> </strong></span> 
     </span>
    </p>
   </div>
  </div>
 </body>
</html>
