2890 4886
185 291 264 350 ¹194·
328 243 388 331 a*
616 293 900 366 sescenos

197 419 283 498 quain
303 416 445 498 plerique:
467 405 573 498 'nempe
594 407 787 497 quodnam
807 415 939 498 quamvis
957 415 1051 477 adbuc
1070 421 1184 478 maneat
1202 415 1334 498 privatus
1389 458 1393 468 ,

197 497 295 570 bomo,
315 497 436 556 necdum
456 497 508 555 sibi
529 499 668 576 promisse
688 500 749 557 inre
761 499 838 577 regio
849 498 968 570 fruatur,
989 493 1096 556 sectari
1109 497 1332 556 tameninter‘ea

87 629 92 644 ,
197 578 385 658 integritatem
406 575 464 637 dou
484 575 602 642 differet.
631 576 738 637 Sensus
754 595 822 654 ergo
841 583 893 651 est,
913 573 1047 650 Domine,
1067 577 1198 656 quamvis
1217 575 1333 657 lougius

56 701 62 728 ,
176 677 244 742 ‘me
265 675 435 736 suspensum
454 662 568 730 teneas,
593 659 647 736 ego
666 655 849 716 nibilominus
869 658 1023 737 integritati
1043 656 1172 716 studebo.
1212 654 1255 714 lta
1275 679 1333 714 me-

197 739 278 797 dium
302 739 406 796 domasa
429 757 500 795 euos
519 735 624 817 palatio
650 744 678 796 ct
702 735 822 817 publicis
843 736 958 796 aedibus
984 737 1118 818 opponit:
1138 735 1195 796 acsi
1216 737 1333 808 diecret,
1433 825 1434 828 Ἴ

170 838 174 857 ¹
196 821 269 878 intra
290 816 418 895 privatos
438 817 566 895 parietes.
588 843 591 848 Δ

276 898 304 957 3.
315 895 389 954 Non
407 905 537 954 statuam
556 917 658 956 eorum
677 899 778 956 oculu.
800 893 869 955 Post
893 913 956 954 nam
968 895 1206 976 protessuscstse
1225 894 1256 954 io
1277 895 1333 976 pri·
1424 904 1434 942 ἰ

159 973 162 982 ’
197 981 263 1035 vata
284 976 342 1032 vita
362 973 510 1054 probitatis
529 979 561 1034 et
578 976 701 1034 iustitiae
720 977 860 1036 cultorem
871 917 942 1050 lore,
962 977 1045 1035 sicuti
1056 978 1139 1034 etiam
1150 972 1334 1034 booesl’riu·

198 1057 275 1136 cipes
295 1053 361 1112 binc
381 1056 521 1134 auspicari
542 1053 636 1116 decet:
656 1074 733 1114 nunc
751 1056 838 1131 addit,
859 1075 889 1114 se
901 1055 1065 1136 ingerendo
1076 1053 1215 1134 Principis
1236 1043 1335 1116 officio

197 1135 310 1194 hostem
334 1125 397 1194 sore
420 1135 574 1194 iniustitiae
598 1139 627 1194 et
651 1134 827 1196 sceleribus.
853 1138 931 1195 Rem
950 1137 1026 1194 enim
1040 1157 1212 1274 pmwsom
1231 1155 1336 1193 corone

198 1215 291 1274 oeulis
308 1235 416 1294 ponere
440 1213 608 1274 tantundem
632 1214 708 1276 valet
729 1234 762 1273 ac
781 1213 833 1275 sibi
852 1212 1228 1295 proponereuiqnidimpie
1248 1231 1337 1293 agen·

197 1293 276 1353 dum.
317 1293 458 1352 Aversum
474 1295 569 1374 *igiter
593 1291 629 1356 ab
650 1295 726 1352 omni
752 1296 856 1353 sceiere
875 1313 906 1353 se
925 1293 986 1354 lere
1005 1295 1184 1376 pronuntiat:
1204 1299 1337 1351 atcerte

197 1391 283 1433 nemo
307 1371 401 1432 iustus
425 1379 456 1433 et
479 1372 633 1454 aequabilis
658 1375 711 1434 erit
735 1375 886 1432 iniustitiae
911 1374 1003 1446 ultor,
1027 1375 1080 1432 nisi
1106 1376 1155 1452 qui
1171 1371 1211 1431 ab
1231 1390 1264 1430 ea
1286 1391 1335 1454 pe-

101 1501 111 1522 ,
197 1453 275 1513 nitus
293 1471 332 1512 ex
351 1453 447 1514 animo
458 1452 599 1514 abhorret.
619 1451 848 1534 Uodeseqnitur,
867 1473 926 1512 non
940 1451 1220 1548 praestareofficinm
1230 1450 1336 1532 Reges,
1433 1471 1434 1526 ι

91 1569 100 1584 ι
198 1531 253 1592 nisi
272 1531 337 1614 pusi
357 1534 413 1592 sint
433 1532 468 1592 ab
489 1533 568 1592 omni
592 1553 681 1615 pravo
702 1551 851 1594 consensu.
892 1531 1016 1610 Quadam
1038 1535 1141 1604 rtttttt
1161 1532 1246 1591 simut
1266 1551 1336 1590 eon-

199 1618 316 1686 texunt,
344 1612 547 1673 subaudientes
572 1611 683 1672 literam
703 1593 745 1688 l7,
771 1613 827 1671 acsi
849 1611 975 1686 dixisset,
994 1610 1065 1672 ¹Non
1087 1631 1245 1692 proponam
1265 1610 1336 1670 milri
1433 1597 1434 1628 ³

200 1693 355 1778 quiequam
379 1692 465 1772 impie
490 1691 644 1772 agendum,
664 1692 725 1766 vel,
744 1691 829 1752 Nulla
856 1693 981 1772 pravitas
1004 1691 1074 1752 mihi
1099 1690 1276 1764 adlubescet,
1304 1698 1337 1748 ut
1433 1723 1434 1728 κ

200 1790 263 1832 eam
288 1789 435 1850 exsequar.
476 1769 535 1832 Sed
556 1771 629 1832 alter
652 1791 750 1832 sensus
774 1769 948 1852 probabilior
971 1777 1024 1846 est,
1048 1771 1127 1852 qued
1146 1769 1195 1830 ubi
1214 1775 1336 1832 testatus
1433 1807 1434 1840 3

92 1889 93 1897 ι
201 1858 245 1911 est
264 1848 360 1910 David
385 1850 512 1912 cenibil
536 1851 691 1931 iniquitatis
715 1869 811 1912 coram
838 1851 928 1911 oculis
948 1853 1006 1910 suis
1030 1869 1280 1931 passurum,‚mox
1300 1849 1337 1907 ad
1433 1841 1434 1886 l

201 1929 446 1990 confirmationem
465 1929 560 2003 addet,
585 1950 616 1991 se
635 1931 781 1991 inimicum
806 1925 868 1991 lore
887 1929 1018 1990 omnibus
1037 1929 1193 1992 maleficiis.
1232 1927 1265 1988 ln
1285 1949 1336 2010 pe·

200 2017 307 2069 stremo
326 2007 456 2069 membro
475 2009 596 2070 mutatio
615 2013 725 2070 numeri
744 2017 796 2086 est,
815 2010 844 2069 si
859 2010 895 2070 ad
918 2029 1054 2090 personas
1073 2009 1274 2070 declinantium
1294 2027 1337 2066 re·

200 2089 283 2149 ieras.
322 2086 541 2148 Potesttamen
566 2089 601 2149 de
625 2109 711 2172 opere
735 2092 798 2172 ipso
824 2089 974 2150 commode
993 2091 1112 2172 exponi:
1133 2090 1190 2148 acsi
1210 2089 1338 2162 dixisset,

202 2169 289 2230 nullis
308 2168 402 2244 impiis
422 2167 626 2228 deiectionibus
645 2187 676 2228 se
695 2171 756 2230 lore
775 2169 899 2229 affinem.
1359 2171 1364 2195 ¹

282 2247 310 2308 4.
335 2250 395 2306 cor
409 2271 547 2328 ριιιυιιιη.
588 2246 676 2326 Quod
695 2269 816 2329 pravum
836 2267 886 2308 cor
905 2247 1032 2308 oonrrulli
1057 2247 1093 2308 dc
1112 2243 1227 2328 perfidis
1245 2244 1337 2305 homi·

202 2325 288 2388 uibus
308 2327 464 2406 accipiunt,
489 2335 625 2408 tanquam
651 2335 782 2388 eoactum
807 2329 961 2410 repudio.=
984 2328 1093 2386 lleinde
1118 2333 1270 2386 contextos
1295 2345 1337 2384 re·

201 2407 314 2481 clamat,
336 2424 403 2465 nam
423 2425 513 2486 quum
533 2427 570 2467 ex
593 2407 694 2467 ositive
703 2427 773 2468 mox
783 2408 929 2478 addiderit,
949 2411 1129 2468 mattrmrron
1148 2421 1338 2488 cognoscem,

200 2487 298 2568 priore
318 2477 446 2545 membro
466 2485 543 2545 baud
563 2429 647 2547 (lubic
668 2507 699 2546 se
718 2490 874 2546 immunem
894 2487 955 2550 lore
975 2507 991 2547 a
1014 2486 1129 2568 pertidia
1149 2493 1177 2546 et
1197 2487 1339 2566 pravitate

201 2565 333 2626 affirmat.
373 2564 419 2626 Ae
438 2584 550 2625 summa
569 2574 621 2639 est,
642 2565 783 2626 Davidem
809 2583 925 2646 operam
951 2566 1081 2627 daturum
1106 2573 1139 2626 ut
1164 2567 1217 2626 sibi
1236 2573 1339 2625 caveat

202 2644 238 2706 ab
259 2645 338 2705 omui
358 2643 511 2704 maleficio:
530 2651 559 2705 et
578 2647 647 2724 quid
667 2648 703 2706 sit
722 2647 861 2728 proximis
880 2648 1011 2706 iniuriam
1030 2647 1131 2714 lacere,
1152 2645 1268 2718 nescim.

282 2725 310 2787 5.
330 2726 548 2785 Detrabeutem.
578 2723 643 2784 lloe
661 2745 746 2785 versu
766 2726 990 2785 elariusdisserit
1010 2726 1141 2805 dallcgis
1161 2725 1267 2798 silicio,
1288 2725 1339 2804 qni

205 2798 300 2884 gladio
323 2809 448 2863 armatus
468 2811 511 2864 est
531 2803 566 2864 ad
587 2807 758 2866 coercendos
778 2804 932 2885 improbos.
968 2803 1040 2864 Nam
1060 2811 1114 2866 etsi
1134 2807 1235 2865 merito
1257 2804 1339 2863 bouis

153 2947 159 2959 ,
201 2881 333 2943 omnibus
353 2883 501 2963 displicent
521 2882 699 2958 obtrectatio,
719 2885 860 2966 superbia,
879 2893 909 2945 et
929 2885 983 2945 alia
1004 2887 1080 2959 vitia,
1099 2905 1158 2946 oon
1178 2891 1223 2944 est
1243 2893 1339 2944 tamen

203 2981 303 3022 corum
324 2963 461 3040 cuiusque
481 2981 498 3021 e
518 2963 611 3023 medio
631 2965 879 3046 tolleresuperbos
899 2963 1170 3026 vel'obtreetatores:
1191 2967 1339 3044 quianon

145 3043 147 3049 ’
204 3047 271 3100 sunt
297 3042 427 3101 instructi
451 3041 565 3122 publiea
589 3051 744 3124 potestate,
770 3045 818 3105 sed
843 3063 944 3106 manus
968 3043 1073 3104 babent
1092 3045 1200 3124 ligatas.
1240 3044 1341 3124 Atque

203 3119 276 3180 baec
300 3120 442 3198 distinctio
467 3121 587 3184 tenenda
611 3131 669 3197 est,
693 3130 725 3183 nt
743 3127 772 3184 in
796 3126 935 3185 modestia
959 3145 990 3185 se
1015 3127 1177 3186 contineant
1202 3121 1253 3183 filii
1274 3121 1341 3195 Dei,

202 3219 257 3260 nee
283 3201 434 3280 quisquam
454 3204 610 3262 vocationis
630 3223 699 3264 snae
718 3204 788 3267 fines
813 3206 972 3266 transdliat.
1013 3203 1086 3263 Nam
1106 3210 1183 3264 certe
1202 3202 1341 3284 quamdiu

181 3319 185 3327 ·
224 3279 332 3340 duatus
357 3281 430 3340 vixit
450 3279 561 3356 David,
585 3303 731 3364 nunquam
752 3305 836 3344 ausus
857 3285 955 3345 luisset
974 3283 1031 3346 boc
1049 3291 1171 3344 tentare:
1191 3283 1243 3342 sed
1266 3282 1340 3342 solio

203 3301 368 3440 lmpositns,
393 3358 519 3439 gladium
538 3365 660 3443 sumpsit
683 3383 701 3424 e
725 3385 811 3424 manu
830 3363 886 3423 Dei
906 3383 991 3445 quem
1011 3363 1047 3423 ad
1072 3363 1232 3423 ulciscenda
1252 3361 1340 3421 male·

202 3437 266 3500 ficia
287 3446 438 3500 exsereret.
458 3437 576 3536 Species
593 3450 686 3503 autem
708 3443 845 3525 quasdam
864 3443 1001 3524 designat,
1024 3449 1058 3502 ut
1077 3437 1341 3524 persyoeedoeben

204 3517 344 3596 significet
364 3537 394 3578 se
415 3539 541 3580 omnium
562 3521 700 3584 scelernm
725 3525 786 3585 iore
806 3524 955 3583 vindicem.
995 3521 1087 3582 Pestis
1105 3523 1234 3604 apprimo
1252 3522 1342 3580 noxia
1384 3584 1388 3592 ¹

140 3611 143 3628 '
202 3605 256 3672 est,
285 3596 456 3658 clancularia
474 3607 503 3659 et
523 3601 629 3663 furtiva
648 3603 794 3676 detractio,
823 3603 940 3683 perinde
958 3603 1034 3681 euim
1054 3609 1098 3665 est
1122 3603 1180 3662 acsi
1204 3604 1269 3682 quia
1288 3599 1340 3660 bo·
1402 3633 1404 3636 ·

202 3679 310 3737 minem
330 3693 383 3757 pec
401 3679 516 3739 insidias
535 3683 659 3742 occidat:
680 3684 738 3742 imo
759 3681 954 3758 calumniator,
973 3703 1032 3742 uon
1048 3703 1130 3743 secus
1141 3680 1342 3742 ae'veneliees

202 3757 333 3817 incautos
358 3759 502 3838 opprimit.
542 3759 638 3840 Atque
662 3763 718 3821 boe
741 3763 923 3841 signamen
945 3781 1094 3842 perversae
1118 3766 1147 3822 et
1167 3760 1343 3843 proditoriae

202 3843 336 4055 ιιιιιιῐῐιιε,ι
354 3836 394 3895 ita
414 3836 525 3898 laedere
544 3839 659 3900 alterius
679 3841 784 3902 buram
804 3848 836 3901 ut
854 3859 914 3900 uon
934 3847 970 3902 sit
989 3843 1144 3904 defensioni
1164 3843 1253 3902 loeas.
1281 3839 1340 3900 bla-

37 3911 43 3922 ’
96 3967 101 3974 .
203 3915 235 3976 lu
286 3933 355 3998 ergo
375 3915 433 3977 hoe
453 3919 519 3999 quia
538 3919 621 3978 nimis
641 3922 919 4058 passimprassatur,
938 3927 1083 3983 ettamen
1097 3923 1214 3982 minime
1233 3927 1278 3981 est
1297 3928 1342 3979 to·

137 4013 167 4067 j
200 3993 261 4054 lara
282 3995 318 4056 ‘le
347 3995 378 4056 iu
403 3996 551 4058 hominum
584 3999 657 4072 vita,
686 3997 762 4060 Davi
805 3999 997 4060 ulciscendum
1021 4004 1149 4082 suscipit.
1191 3999 1342 4082 Superbos

202 4073 435 4172 deindetduabos
454 4077 589 4172 loquendi
609 4078 708 4172 termis
727 4077 815 4140 uotdt.
849 4081 938 4140 Altos
956 4083 1049 4180 aeratis
1067 4087 1161 4178 vocat,¹
1180 4099 1240 4141 uon
1260 4079 1341 4161 quod

203 4153 940 4315 titftttstitittttttttttt'ttttttttf'
977 4157 1342 4324 ,ttttittttitt

204 4311 318 4372 intlatos
337 4331 399 4374 esse
417 4321 456 4388 et⁸
466 4315 592 4396 turgidos
611 4335 726 4378 necesse
745 4326 788 4378 est
807 4321 856 4400 qui
876 4319 911 4379 ad
922 4319 967 4380 les
981 4321 1267 4402 magnasadspiraot.¹
1292 4320 1340 4381 Ni·

201 4389 243 4452 lril
268 4393 344 4454 enim
370 4393 426 4454 illis
450 4395 519 4454 satis
545 4402 589 4457 est
608 4395 662 4457 nisi
681 4397 841 4478 deglutiant
858 4405 950 4461 totum
971 4401 1116 4460 mundum.
1157 4401 1255 4494 Atque
1275 4401 1343 4462 hinc

842 4675 847 4692 t
