2862 4888
167 245 249 322 π’
327 247 336 261 “
597 265 884 310 aeternus
1002 261 1021 292 κ

185 424 188 434 ·
250 391 298 452 13.
321 391 377 449 {iic
391 391 523 472 [registi
639 389 678 449 ’ss
704 385 841 470 qnmdam
866 389 991 450 salutum
1015 387 1140 450 marim
1164 403 1309 448 manera·

170 467 243 528 biles
266 469 372 548 colligit
393 467 544 548 Propheta.
626 488 749 550 anquam
769 489 867 531 omnes
886 467 922 529 ad
942 470 1062 550 priumm
1081 467 1310 548 redemptionem

169 542 325 630 mebant,
351 567 408 627 qna
427 547 509 609 Deus
533 549 673 630 poputum
697 568 782 610 sunm
810 549 847 608 ab
870 549 1044 630 Aegyptiam
1063 546 1215 626 tyrannide
1231 561 1310 606 asse

170 629 237 688 ruit.
254 627 367 688 Postea
387 627 538 688 descendet
558 628 594 688 ed
614 630 744 707 gencrele
764 629 898 710 elogium·
909 627 1016 708 gratim
1036 625 1102 701 Dei,
1121 643 1196 707 qnae
1215 625 1245 684 in
1263 631 1310 684 to-

72 759 76 775 ,
166 714 233 768 tum
257 705 357 768 orbem
382 707 558 768 diiunditur.
598 707 639 768 lta
664 725 681 768 a
702 710 817 788 speciali
841 709 946 788 gratim
971 725 1029 786 qua
1048 708 1140 768 Dens
1150 704 1311 766 Ecclesiam

170 805 253 847 snam
273 787 480 868 dignatusest,
503 787 656 848 transitum
674 785 727 848 sihi
747 788 815 848 lacit
833 788 869 848 ad
889 787 1116 848 benevolentiam
1135 805 1193 865 qua
1213 801 1311 866 prose·

171 867 270 946 quitur
292 873 387 926 totum
411 864 568 926 humanntn
592 877 690 948 genus.
735 866 814 930 Dicit
837 868 931 948 primo
956 865 1035 926 Mam
1061 866 1179 946 hegisse
1197 864 1246 924 vel
1265 881 1310 924 ae

169 947 274 1006 coisse.¹
291 944 458 1006 Proximum
477 945 637 1008 membrum
657 943 773 1028 quidam
792 966 936 1008 annexum
955 964 1018 1006 esse
1058 951 1147 1020 uiant,
1166 943 1246 1025 qnod
1265 955 1311 1006 te·

90 1021 104 1068 1
169 1021 226 1086 tos'
239 1033 271 1084 et
285 1026 360 1102 ‘alios
379 1027 520 1086 maximos
539 1027 631 1106 pisces
650 1029 755 1086 siccato
774 1029 846 1102 mari
866 1025 946 1086 Deus
964 1027 1021 1086 into
1066 1027 1145 1089 aerii.
1183 1021 1248 1104 Ege
1267 1031 1310 1086 la·

169 1121 237 1164 men
255 1103 434 1166 maaonem
453 1111 483 1165 et
500 1106 561 1166 eins
580 1108 738 1166 eremum
757 1105 949 1186 metaphorice
967 1105 1061 1165 notari
1079 1104 1214 1163 arbitror:
1236 1105 1310 1183 spuis

170 1184 241 1244 baec
260 1185 334 1245 ratis
353 1185 489 1266 loquendi
508 1184 659 1266 Prophetis
678 1185 762 1246 valde
780 1187 846 1246 trita
865 1193 924 1260 est,
943 1185 1109 1266 praesertim
1128 1182 1178 1242 ubi
1197 1181 1231 1242 fic
1250 1201 1309 1244 sen

169 1283 219 1324 mo
238 1263 275 1323 de
293 1264 457 1346 Aegyptiis,
477 1283 603 1345 qoersm
627 1272 731 1327 terram
750 1266 832 1326 alluit
849 1267 996 1345 piscosum
1014 1281 1107 1338 mere,
1133 1260 1217 1324 Nilus
1236 1280 1310 1324 vero

62 1412 66 1426 Ι
170 1345 355 1424 praeterfluit.
399 1347 564 1406 Letidtlon
592 1335 660 1405 ero
689 1365 749 1408 non
775 1346 826 1406 abs
849 1365 880 1406 re
898 1343 1018 1404 Pharao
1042 1349 1165 1404 vocatur
1189 1348 1309 1422 propter

172 1423 387 1484 commoditates
406 1427 502 1498 maris,
526 1425 593 1504 qnia
612 1365 670 1485 tino
689 1445 809 1504 regnum
828 1443 912 1484 suum
932 1425 1013 1504 quasi
1029 1422 1151 1491 balaena
1165 1429 1308 1482 summat.

172 1499 265 1562 Porro
284 1501 427 1582 quiahoc
445 1503 502 1564 fine
516 1503 600 1564 Deua
617 1508 771 1586 polentiam
790 1521 871 1564 suam
893 1502 1089 1564 teutomodo
1108 1501 1217 1582 populo
1236 1507 1308 1562 tane

170 1583 310 1655 emeruit,
330 1587 364 1641 nt
382 1590 509 1663 speraret
526 1583 655 1646 Ecclesia
674 1592 844 1666 perpetuum
864 1583 962 1644 satum
981 1599 1050 1643 suae
1069 1582 1132 1642 iore
1150 1574 1309 1654 custodem,

170 1677 232 1738 non
255 1660 353 1721 debuit
376 1661 432 1721 hoc
456 1662 658 1724 documentum
681 1665 865 1724 adnotatam
890 1679 977 1724 mam
995 1662 1142 1744 restringi.
1182 1659 1309 1740 ideoque

170 1741 273 1800 merito
297 1741 334 1802 ad
359 1747 487 1821 posteros
511 1750 639 1824 aptatur,
664 1751 698 1804 ut
715 1743 782 1804 iude
800 1743 885 1807 tidem
905 1739 987 1804 suam
1007 1739 1183 1803 confirment
1224 1739 1308 1802 Cete-

170 1839 235 1880 rum
256 1826 387 1900 quamvis
406 1839 465 1882 non
485 1823 580 1882 omnia
599 1823 736 1884 mmenla
754 1828 900 1884 recentem
919 1820 1084 1901 quaeilens
1102 1823 1133 1879 in
1152 1819 1233 1880 exite
1254 1839 1309 1900 pn·

171 1899 233 1981 puli
249 1901 352 1960 edidit:
393 1916 424 1960 cr
443 1901 643 1980 synecdochen
663 1911 758 1964 tamen
778 1901 983 1981 complectere
991 1901 1127 1981 qmoquid
1141 1900 1232 1960 insius
1241 1899 1310 1960 nats

170 1987 251 2040 ratur
274 1979 356 2060 apud·
370 1919 477 2042 himen.
517 1979 606 2060 Quod
630 1983 699 2043 dicit
718 1982 875 2044 leviathan
895 1983 1013 2042 semisse
1032 1981 1062 2040 in
1081 1979 1179 2040 cibum
1193 1978 1307 2040 tenut-

172 2061 225 2136 tis,
249 2065 278 2120 ot
297 2059 413 2140 ιιιῖᾶειιι
431 2061 461 2120 in
481 2061 609 2136 deserto,
633 2064 772 2124 concinna
792 2063 893 2122 allusio
912 2068 957 2121 est
975 2061 1011 2121 ad
1031 2058 1188 2134 Pharaonis
1205 2058 1308 2120 interis

171 2144 249 2198 tom:
274 2141 333 2201 noei
357 2139 476 2215 diceret,
501 2159 643 2202 annonam
668 2143 755 2202 inissa
777 2148 849 2201 tunc
873 2143 1042 2222 repositam,
1067 2157 1125 2220 qua
1143 2145 1309 2200 rescamtsrr

172 2218 314 2300 populus:
338 2221 406 2300 quia
430 2222 563 2282 extinctis
581 2221 710 2282 hostibus
730 2221 866 2285 securitas
883 2239 944 2280 non
963 2221 1046 2282 aliter
1065 2237 1099 2278 ae
1118 2217 1197 2278 cibus
1217 2219 1310 2280 vitan

171 2299 328 2379 protraxit,
347 2317 382 2359 ac
399 2311 453 2382 per
471 2301 614 2364 ἀιιιιιιιιιι
632 2301 763 2383 inteiligit
786 2319 847 2362 non
870 2301 999 2380 regiones
1019 2300 1309 2377 maritirnas‚=quarn·

172 2378 216 2437 tis
240 2378 350 2440 steriles
375 2381 434 2440 siut
454 2387 485 2440 et
509 2381 616 2456 aridae,
641 2381 692 2442 sed
716 2380 880 2458 solitudines
904 2378 1006 2460 procul
1031 2397 1048 2439 a
1073 2381 1146 2437 mari
1171 2385 1308 2438 mota·

171 2455 310 2538 Sequenti
330 2479 416 2520 versu
435 2463 617 2542 prosequitur
634 2461 937 2542 idem—argumentum,
958 2458 1007 2519 ubi
1025 2458 1094 2520 dicit
1101 2457 1308 2539 forsanad&

171 2557 237 2598 sam
245 2541 364 2620 scisse,
388 2557 479 2620 quum
504 2540 611 2600 scilicet
635 2559 710 2620 aqua
729 2559 747 2600 e
766 2539 951 2636 rnpeelieita
970 2539 1032 2598 terit.
1071 2535 1199 2598 Tandem
1218 2535 1308 2630 addit,

171 2780 258 2874 iiiiii
277 2778 424 2858 proprium
443 2797 548 2840 nomen
566 2797 629 2839 esee
648 2779 758 2838 vetunt
1301 2812 1305 2821 ·

253 2861 301 2919 lin
325 2859 411 2916 Tusco
429 2867 472 2918 est
490 2860 560 2918 dies.
580 2855 737 2918 Descendit
755 2855 792 2918 ad
811 2855 869 2920 Dei
887 2854 1033 2933 melicis,
1094 2874 1128 2917 ae
1147 2854 1307 2916 communi·

170 2943 217 2997 ber
232 2929 276 2996 ‘ad
301 2935 458 2995 humanum
484 2955 573 3017 genus
596 2944 708 3020 patent:
735 2935 894 3017 Postquam
916 2937 994 2996 enim
1018 2957 1074 2998 exo
1111 2937 1118 2952 “
1195 2933 1263 2994 iecit
1289 2951 1309 2996 ι

171 3015 360 3098 specilialibus
381 3017 495 3095 gratiis,
519 3016 623 3096 quihus
647 3036 679 3077 se
698 3016 779 3078 Dens
804 3023 914 3098 patrem
934 3016 1024 3077 eleeto
1044 3015 1154 3098 populo
1174 3013 1312 3090 mande·

172 3117 250 3155 nune
273 3096 440 3234 opportune
459 3104 664 3158 commemorat
689 3099 799 3158 eunetis
817 3096 984 3158 mortah'hua
1001 3098 1099 3178 ipsum
1119 3113 1181 3155 ame
1201 3093 1309 3156 besem

173 3195 248 3235 cnm.

136 3320 138 3333 ¹
171 3261 278 3316 noctes
290 3262 319 3314 et
338 3253 397 3316 dies
417 3257 500 3338 certis¹
520 3256 642 3332 vicibus,
667 3258 716 3316 sed
735 3255 791 3316 Dei
809 3255 926 3316 arbitrio
946 3255 1104 3335 pmetixum
1123 3255 1212 3314 inisse
1230 3253 1310 3314 huno

171 3335 316 3407 ordinem,
340 3341 371 3394 et
394 3337 466 3396 ratio
491 3335 620 3411 additur,
644 3339 712 3417 quia
731 3335 812 3396 Deus
830 3334 894 3396 Soli
916 3335 1050 3396 indiderit
1074 3336 1132 3394 sim
1153 3340 1182 3393 et
1201 3351 1309 3394 munus

117 3461 123 3474 ,
172 3413 373 3478 illuminandae
395 3421 498 3474 terrae.
533 3413 589 3474 Ubi
613 3419 689 3476 eninr
713 3416 810 3476 lumen
829 3417 939 3496 posuit,
958 3413 1058 3476 Solem
1076 3414 1204 3494 adiungit
1246 3413 1309 3472 ussi

125 3498 130 3506 “
171 3493 357 3592 praecipuum
382 3495 443 3554 eius
468 3493 639 3555 vehiculum.
679 3495 712 3555 ln
736 3495 792 3556 hoo
815 3495 915 3554 ordine
938 3511 1028 3574 quum
1052 3513 1068 3554 n
1105 3499 1149 3552 rto
1168 3433 1309 3571 reiuhgeat

172 3573 403 3714 :prpompppplrtiilis
417 3572 613 3716 Ιξοίᾶὲιοιιίῑιῖ
623 3573 930 3716 erfiedmortales,tpton
949 3572 1000 3714 app
1019 3593 1051 3634 re
1095 3572 1215 3668 copheta
1234 3571 1308 3711 tipu-

172 3673 335 3797 desfippm
350 3671 468 3798 ‚issmlen
481 3661 633 3808 distipriehlis,
662 3674 698 3796 db
717 3667 964 3812 ffutbhoehycnhb
988 3671 1155 3794 etpehhsxlhffi
1178 3671 1310 3794 ξξξιιιῖιιιιιιΙ
1372 3732 1375 3738 '

170 3807 301 3873 Dubium
324 3819 420 3875 tamen
439 3819 483 3874 est
501 3818 679 3874 extremesne
702 3811 778 3872 orbis
802 3811 900 3892 plagas
918 3811 1071 3894 intelligat,
1097 3831 1135 3872 an
1154 3831 1224 3872 vero
1243 3831 1309 3892 spe·

171 3891 257 3952 diales
277 3894 424 3967 terminos,
485 3891 547 3951 'bos
567 3891 694 3952 sinsulaa
707 3892 836 3972 ηςίοιιιι
856 3893 963 3952 divisae
981 3899 1058 3953 sunl.
1078 3887 1143 3952 Etsi
1160 3892 1308 3951 enimtur·

170 3969 275 4032 beator
293 3971 426 4032 violentia
444 3913 694 4046 bhlminumodum
712 3970 876 4032 insatiabilis
895 3971 1036 4052 enp‘uiitas
1050 3978 1081 4032 et
1094 3971 1213 4032 ambitio
1228 3972 1310 4050 quic·

322 3195 345 3234 ss
374 3181 469 3236 antem
494 3175 588 3236 verbis
613 3178 751 3260 signifieat
774 3194 833 3236 non
858 3177 975 3236 iortuito
1000 3177 1076 3236 iuter
1099 3194 1131 3234 se
1155 3173 1311 3235 suceedera
1402 3233 1415 3252 ,

112 4069 119 4092 ·
171 4050 240 4130 qnid
260 4051 446 4112 ‹hstioetionis
465 4053 495 4112 in
513 4052 621 4112 mundo
640 4057 684 4114 est
704 4051 875 4131 perrumpit,
899 4052 1003 4113 renitet
1020 4057 1115 4112 tameo
1136 4051 1193 4112 Dei
1212 4053 1309 4132 singu·
1426 4065 1427 4082 ¹

170 4127 231 4190 lare
250 4129 429 4204 beneficium,
448 4128 527 4212 quod
546 4129 663 4208 singulis
682 4127 822 4190 Gentibus
841 4148 923 4190 sunm
942 4129 1146 4192 habitationem
1167 4130 1307 4192 attribuit.

169 4206 233 4290 Ege
257 4216 352 4270 tamen
376 4207 448 4270 fines
466 4210 567 4348 petius
585 4209 728 4290 intelligo,
752 4209 803 4290 qui
821 4208 973 4304 bominum
990 4210 1106 4307 libidine
1124 4211 1238 4306 misceri
1257 4229 1308 4305 ne·

171 4294 297 4366 queunt,
325 4289 404 4369 quod
434 4309 473 4348 scr
486 4295 541 4349 roet
562 4287 645 4350 Dens
671 4297 764 4352 terrae
791 4293 915 4369 spanum
937 4289 1101 4352 hominebus
1125 4290 1311 4354 destinaverit

170 4373 311 4448 quantum
334 4368 371 4430 ad
391 4367 546 4450 hospitium
565 4368 717 4430 sufficeret.
741 4367 801 4430 tan
819 4365 932 4448 hyemis
951 4371 1114 4432 clausistis
1132 4371 1210 4432 visst
1230 4369 1310 4440 titre
1422 4391 1426 4412 ⁴

1056 4531 1067 4570 Ι

939 4715 948 4750 l
