2874 4888
502 261 857 342 ‘rsreuuaexu
1210 294 1267 356 pap
1373 298 1375 307 ⁴

123 421 231 504 phetae
248 427 390 490 merstem,
411 418 527 480 duem
545 437 604 480 non
622 437 709 502 poete
728 421 796 480 entis
812 418 1020 502 eomprebttodi
1032 417 1167 482 numum
1186 423 1265 504 ingo·

122 504 173 563 nio
199 499 456 580 qrramlmrribilis
481 502 520 560 stt
544 501 589 562 ire
610 499 675 560 Dei.
715 499 853 561 Videmus
877 507 973 561 eutem
997 505 1130 581 quamvis
1149 503 1265 564 eoelum

122 589 152 642 et
176 587 283 642 renem
308 582 454 642 corentini
471 578 567 652 Dens,
593 580 704 642 multos
728 587 824 641 temen
845 580 990 661 Cyelopes
1013 581 1119 652 ridere,
1149 589 1180 645 et
1204 591 1264 643 tam

122 661 209 722 brute
239 679 303 721 esse
326 661 449 733 fernme,
473 667 505 720 nt
529 659 626 720 Deum
649 659 846 720 fulminantem
873 667 1067 720 contemnent.
1110 659 1170 722 Sed
1196 664 1263 742 quio

122 741 285 801 doctrinam
293 733 407 800 ‘insist
418 740 597 820 <perronem
615 739 683 802 filiis
702 738 767 814 Dei,
787 739 855 801 dieit
873 741 903 800 in
921 740 978 800 illis
997 741 1181 802 tenerrimum
1193 759 1264 804 esse

121 822 182 882 trae
203 820 258 882 Dei
288 831 419 893 senem,
448 826 482 878 nt
511 821 709 884 reticeretur
738 821 857 900 imperio
888 837 929 906 ee¹
944 819 1055 900 pleeide
1080 820 1261 883 submittent.

121 899 265 979 Quamvis
285 902 363 962 enim
379 900 475 980 impiis
495 899 621 960 earnilex
639 901 677 960 sit
696 901 811 981 propria
826 901 1007 973 renidentis,
1026 905 1265 981 qnaeeeequies·

121 999 187 1040 eere
207 999 267 1039 non
286 982 366 1053 sinit·
382 999 420 1040 ex
439 999 523 1040 oraro
542 979 594 1041 illo
613 986 693 1040 metu
712 980 783 1040 adeo
803 991 862 1040 nod
881 980 994 1040 diseunt
1008 981 1263 1057 mansuetudinem,

121 1067 158 1120 nt
180 1060 379 1119 contumacius
398 1058 493 1119 obstre
531 1065 572 1118 ut.
612 1057 746 1140 Denique
765 1058 832 1120 solis
851 1059 981 1120 fidelibus
1000 1061 1139 1122 sensibilis
1157 1068 1203 1122 est
1220 1063 1264 1122 ire

122 1137 195 1213 Dei,
215 1141 266 1220 qui
285 1138 401 1210 domiti,
419 1157 452 1198 se
470 1139 499 1198 ni
521 1139 540 1198 ‘l
560 1157 622 1200 esee
641 1145 847 1222 agnoscunt‘et
866 1157 933 1200 eum
953 1157 1020 1200 vera
1039 1138 1200 1201 bumilitate
1218 1147 1275 1220 to·¹

123 1227 170 1278 tos
200 1238 232 1278 se
257 1219 393 1278 eddieunt
412 1215 487 1278 Deo.
528 1217 607 1279 llaee
626 1220 764 1300 sapientie
783 1220 813 1280 in
832 1219 970 1299 reprobos
990 1218 1119 1282 homines
1138 1239 1197 1281 non
1216 1225 1262 1280 eass

123 1300 176 1374 dtr,
196 1299 247 1378 qui
262 1299 446 1380 laetumque
464 1299 555 1360 infleti
574 1305 651 1375 snut,
670 1305 819 1379 nequeunt
837 1299 993 1380 deponere:
1013 1302 1080 1382 quia
1099 1319 1185 1362 sensu
1203 1301 1263 1360 irae

119 1380 184 1440 eine
203 1398 264 1440 non
277 1383 452 1457 tanguntur,
470 1397 511 1444 eu,
525 1379 605 1458 qued
624 1397 719 1458 neque
737 1380 831 1460 ipsun
851 1381 981 1442 emunt.
1008 1429 1021 1439 ..
1115 1433 1119 1444 .
1153 1424 1158 1441 ,

204 1463 253 1520 12.
277 1462 317 1518 Ut
342 1481 525 1520 numerem
549 1461 611 1520 dier
634 1467 762 1520 nostroe.
800 1459 861 1520 Alii
880 1465 1012 1542 vertunt,
1041 1459 1262 1522 adnumerum

122 1539 248 1598 dierum:
267 1539 317 1597 sed
337 1537 437 1598 eodem
456 1557 550 1598 senen.
581 1535 655 1599 Nam
675 1541 742 1620 quia
761 1537 876 1599 videbat
895 1537 1103 1618 lliosee„quod
1123 1537 1261 1600 hactenus

98 1620 234 1699 duruit,
264 1615 411 1678 huminum
435 1617 549 1695 ingenio
574 1637 633 1678 non
658 1613 875 1700 comprehendi,
904 1619 996 1680 donee
1011 1619 1155 1698 affulgeat
1179 1617 1261 1678 Deus
1316 1673 1324 1691 ,

61 1767 77 1781 ¹,
121 1701 225 1780 spiritu
242 1716 312 1758 eno:
332 1699 388 1756 ium
407 1697 443 1756 ed
463 1699 655 1778 precationem
675 1717 707 1758 ee
725 1699 877 1759 convertit.
895 1695 1153 1780 Videturqnidam
1166 1701 1261 1778 primo

120 1779 229 1840 intuitu
252 1777 370 1838 ridicule
395 1795 457 1836 esse
479 1780 621 1858 precatio,
651 1776 691 1838 Ut
714 1784 860 1838 teneamus
880 1795 1030 1840 numerum
1049 1797 1190 1844 annorum
1209 1798 1259 1840 no·

121 1851 265 1920 strorum.‘
301 1855 380 1934 Quid
400 1857 495 1916 enim?
518 1877 608 1936 quum
628 1861 678 1918 vix
697 1875 803 1918 annum
824 1852 1034 1938 octogesimum
1054 1859 1193 1938 attingant
1213 1877 1261 1916 ro·

120 1939 209 2012 busti,
229 1953 265 1996 an
287 1935 400 1998 difficile
420 1944 463 1996 eet
483 1945 638 2018 supputere
657 1944 717 1998 tam
736 1957 843 2019 paucus
863 1939 972 1996 onnus?
991 1937 1104 2001 diseunt
1123 1954 1262 2004 numeros

121 2019 204 2100 pueri
224 2018 344 2076 rimulae
364 2016 503 2076 balbutire
522 2019 677 2097 incipiunt,
697 2036 750 2077 nee
769 2037 839 2078 reru
858 2016 1101 2080 arithmeticam
1121 2017 1260 2098 magistro
1333 2027 1338 2032 “
1413 2018 1417 2034 ’

122 2099 232 2158 disoere
252 2117 325 2178 opus
345 2103 399 2169 est,
419 2101 451 2156 ut
470 2115 622 2158 nnmerum
642 2099 835 2158 centenarium
847 2095 940 2176 digitis
950 2105 1146 2178 supputemus.
1167 2095 1261 2174 Atqui

105 2197 157 2238 eo
176 2176 288 2236 foedior
307 2181 335 2235 et
354 2176 443 2256 magis
462 2175 593 2257 pudenda
613 2183 711 2235 nostre
728 2176 875 2252 roeordia,
940 2177 978 2236 od
997 2184 1056 2236 tam
1076 2172 1164 2236 breve
1183 2176 1260 2235 vitro

122 2263 235 2320 norbae
259 2256 383 2336 epatium
407 2273 555 2335 nunqnam
580 2255 855 2336 comprehendimus.
923 2275 970 2314 em
990 2259 1039 2335 qui
1060 2258 1185 2336 optimus
1205 2253 1261 2313 erit

129 2335 338 2410 arithmeticus,
365 2339 395 2394 et
418 2336 561 2414 myriades
590 2335 752 2414 myriadum
776 2335 907 2395 detinere
931 2353 965 2403 eo
988 2335 1129 2396 subtiliter
1153 2331 1261 2396 tenebit
1294 2375 1295 2380 κ

124 2435 158 2477 ae
176 2418 309 2497 excutiet,
327 2434 388 2475 non
407 2421 503 2475 tanuen
522 2418 630 2496 poterit
649 2417 793 2495 ortoginte
811 2433 903 2473 annos
923 2423 1079 2494 supputere
1098 2415 1259 2494 inproprie

123 2497 189 2556 rita
236 2494 312 2554 flue
326 2501 412 2554 oerte'
427 2495 558 2576 prodigio
583 2495 674 2554 simile
697 2503 755 2569 est,
780 2494 909 2554 lrominee
933 2503 1015 2554 extra
1035 2495 1144 2574 seipsos
1163 2493 1259 2554 metiri

37 2630 41 2642 ,
123 2576 219 2636 omnia
244 2575 407 2649 intervalla,
431 2593 602 2656 cognoscere
628 2581 699 2655 quot
718 2573 835 2655 pedibne
856 2575 940 2634 distet
958 2575 1063 2634 lnne’a
1083 2582 1181 2634 centro
1201 2581 1257 2633 ter-

72 2651 75 2661 '
120 2675 184 2728 rae,
204 2673 292 2735 quom
312 2655 403 2736 longis
422 2656 496 2715 inter
515 2673 545 2715 ee
565 2657 662 2736 spatiis
681 2655 811 2735 planetae
831 2655 1002 2725 dividantur,
1022 2655 1256 2734 deniqneemnnt

119 2737 194 2796 uoeli
213 2743 244 2794 et
261 2741 354 2794 terrae
373 2736 560 2795 dimensiones
579 2743 687 2809 tenere,
705 2753 795 2815 quum
815 2736 845 2794 in
864 2737 964 2814 seipsis
978 2753 1008 2794 se
1029 2739 1256 2816 tnagintnouoos

118 2834 178 2877 non
204 2820 363 2874 numerent.
404 2814 541 2876 Videmus
565 2835 633 2896 ergo
659 2815 738 2896 qnod
763 2815 923 2886 rarissime
947 2753 1114 2895 prutlentioe
1133 2821 1177 2874 est
1196 2835 1256 2874 uon

119 2898 236 2956 frustra·
248 2893 346 2954 blesen
372 2893 472 2956 nDeo
498 2901 606 2976 petere.
646 2894 791 2954 Posterius
812 2913 931 2976 quoque
948 2893 1106 2955 membrum
1127 2895 1256 2975 apprime

118 2982 222 3036 notato
243 2974 358 3054 dignum
379 2981 431 3049 est,
452 2995 510 3055 quo
531 2975 628 3047 dooet,
647 2993 701 3035 nos
722 2983 790 3033 luno
807 2977 924 3035 'demum
945 2995 996 3034 oor
1015 2977 1134 3034 adiicere
1153 2975 1192 3034 od
1211 2993 1254 3035 ea·

139 3055 270 3124 mutiam,
290 3054 359 3112 dum
378 3056 506 3134 repimus
526 3057 601 3114 ritae
620 3055 760 3114 bumenee
780 3054 957 3117 brevitatem.
989 3053 1081 3134 Quae
1100 3056 1176 3114 enim
1195 3073 1255 3116 ma-

118 3157 163 3197 ror
182 3134 307 3194 amentia
325 3141 369 3192 est
389 3153 476 3215 quern
495 3133 574 3194 nulla
595 3137 742 3216 proposita
760 3141 836 3194 meta
857 3133 1053 3215 vagari‘t'Soli
1074 3143 1170 3194 eutem
1184 3134 1263 3198 fide,

118 3218 176 3289 les,
203 3212 309 3294 quibus
329 3220 396 3272 uota
417 3221 460 3272 eet
478 3215 553 3273 inter
572 3214 645 3274 bone
664 3213 799 3274 caducam
820 3215 956 3274 vitamet
976 3213 1086 3274 beatam
1106 3215 1254 3276 aeternita-

117 3305 185 3368 tem,
206 3293 242 3352 ad
263 3311 349 3372 quam
369 3296 456 3353 ereati
476 3301 551 3368 eunt,
571 3295 722 3368 distinctio,
742 3296 836 3356 sciunt
856 3311 915 3373 quo
934 3295 1022 3364 vitam
1037 3295 1156 3373 dirigere
1170 3315 1255 3376 opun-

119 3383 189 3446 teat.
229 3370 307 3452 Ergo
328 3391 413 3432 nemo
437 3375 596 3456 composite
620 3381 715 3435 mente
734 3376 822 3434 vitam
841 3373 977 3446 instituet,
996 3375 1050 3432 nisi
1070 3376 1119 3455 qui
1138 3377 1255 3455 cognitu

117 3458 195 3514 vitae
219 3451 292 3525 line,
316 3450 373 3512 bno
397 3460 440 3513 eet
463 3463 556 3514 morte
580 3457 654 3535 ipse,
677 3453 715 3514 nd
741 3453 977 3514 ounddemndum
1001 3455 1115 3514 virenti
1133 3473 1255 3537 seopnm
1307 3477 1319 3492 r

116 3535 256 3594 deductus
277 3533 370 3605 luerit,
391 3538 422 3593 nt
441 3535 477 3594 u'd
498 3536 620 3616 palmam
641 3553 780 3615 supernae
800 3533 957 3594 vocationis
977 3543 1084 3615 pergat

200 3617 247 3674 13.
268 3615 425 3674 Revertere
443 3618 563 3674 Istone.
603 3615 806 3693 Queriruoniae
830 3614 1021 3692 precationem
1041 3615 1195 3688 subnectit,
1220 3619 1255 3674 ut

118 3692 211 3768 Dens,
231 3695 281 3774 qni
301 3693 410 3774 pridem
430 3713 533 3774 graves
553 3715 570 3756 a
588 3695 697 3778 populo
718 3715 771 3754 suo
783 3709 899 3774 poenos
918 3697 1031 3774 exigere
1051 3713 1108 3754 non
1123 3696 1254 3767 desierat,

118 3775 233 3834 undem
255 3773 290 3832 ed
311 3773 457 3834 lenitatem
478 3775 618 3835 flectatur.
649 3773 712 3833 Etsi
732 3777 815 3835 eninr·
829 3775 956 3854 quotidie
974 3775 1071 3834 multis
1090 3775 1182 3834 modis
1202 3795 1252 3853 gu-

85 3863 195 3914 .etum
224 3853 351 3934 aliquem
382 3852 468 3914 dabat
491 3859 594 3916 amoris
619 3857 680 3946 sui,
706 3855 822 3918 exilium
846 3859 943 3914 tomen
967 3859 1078 3914 eterra
1103 3854 1254 3935 promisso,
1285 3913 1290 3927 .
1368 3894 1372 3910 .

114 3933 265 3994 durissime
284 3941 345 3994 erat
364 3933 494 4010 afflietio,
514 3955 572 4016 qno
592 3935 876 4007 admonebantur,·ee
888 3936 981 3995 'beatri
998 3935 1046 3994 illa
1066 3934 1250 4008 haereditate,

114 4033 204 4154 itt
212 4011 1257 4158 iiiiii'tibitibi’ittiltttrdifflstitit

115 4175 237 4264 subindp
261 4176 317 4237 illie
343 4117 494 4238 venireqiu
519 4119 657 4250 montilli,
671 4119 931 4238 rllunotutro'ibunt
949 4179 979 4236 in
998 4139 1127 4256 re’quiem
1147 4195 1250 4249 meam,
1289 4199 1296 4206 ·

115 4255 165 4314 sed
186 4264 352 4337 putreseent
370 4275 471 4318 eornm
491 4257 628 4318 cadevera
647 4260 676 4316 in
696 4258 816 4331 deserto,
837 4255 954 4316 Numer.
975 4257 1024 4329 14,
1044 4246 1092 4318 23.
1113 4259 1161 4318 31.
1192 4255 1252 4316 Nee

115 4334 215 4394 dubito
241 4339 310 4415 qnin
336 4355 465 4416 asperam
485 4337 563 4396 illam
583 4339 763 4410 servitutem,
790 4353 877 4418 quam
904 4337 1028 4418 perpessi
1047 4344 1128 4399 erant
1146 4339 1177 4398 in
1196 4339 1252 4398 Ae·

115 4419 223 4495 gypto,
248 4416 402 4495 coniungat
421 4437 487 4478 unm
506 4415 649 4477 erroribus
669 4419 787 4478 deserti:
806 4419 930 4498 ideoque
950 4437 1009 4478 nou
1028 4419 1168 4480 immerito
1190 4418 1250 4479 diu-
