2862 4888
475 250 840 294 antonnacum.
1184 253 1219 310 ῃ

67 375 70 482 p
111 381 152 440 illio
168 375 200 438 od
219 395 272 438 noa
292 391 349 438 ana
368 393 420 456 nge
440 374 559 436 tenenda
579 381 635 434 eat:
656 375 722 454 qnia
743 373 790 435 nbi
810 393 867 436 non
887 365 998 436 t‘antum
1017 375 1054 438 ab
1073 395 1161 440 onera
1180 377 1219 440 la·

66 529 67 540 ἶ
110 461 183 520 teritio
202 395 434 518 anbdnxititens
454 455 587 516 tnnmoroa
607 461 729 527 oestron,
749 474 803 514 nec
822 461 933 516 tantum
951 475 1053 518 manno
1072 465 1219 518 nostrane

108 537 247 599 fornacibus
267 539 403 608 removit,
430 535 478 594 aed
504 553 541 594 err
561 535 716 594 miserrima
736 532 858 596 Satanae
877 537 1028 614 tyrannide
1047 536 1218 617 redemptor,

108 619 134 678 ab
153 616 380 676 inferia-eduxit:
411 615 501 674 molto
525 617 650 675 sanctior
674 620 719 674 eat
737 621 834 674 noatra
853 611 989 696 obligatio
1008 635 1095 695 qnam
1116 618 1242 678 rotenia·
1274 643 1277 652 ¹

108 697 194 778 populi.
221 693 352 756 &odem
362 695 539 756 sententiam
556 696 740 774 preaeqnitur
758 697 887 773 sequenti
907 711 998 754 amau.
1039 693 1117 756 Dicit
1139 695 1218 758 Dono

63 775 64 806 ³
107 799 130 836 re
145 777 234 836 tortione
252 775 401 854 suppetiae
419 793 510 852 qnam
529 781 562 832 tn
580 781 731 854 ongaotiia
749 777 919 834 domarent.
949 771 1037 851 Quod
1057 795 1110 856 ego
1130 775 1217 836 liben-

107 865 138 916 ter
152 856 184 914 de
201 853 335 934 precibne
354 853 489 933 intelligo.
529 851 603 912 Nam
622 855 676 914 ctat
694 853 836 914 interdum
856 855 1008 934 contingit,
1037 873 1087 916 eoa
1111 855 1161 935 qni
1179 855 1219 916 ad

108 937 214 996 nltimam
231 934 431 994 amatorem
452 931 656 1006 minaticum,
677 931 798 992 eonlnan
816 933 941 994 clamore
960 933 1064 994 dedere
1081 953 1147 994 onae
1166 936 1218 996 mi·

105 1017 185 1076 aedan:
203 1014 271 1093 qnia
290 1019 390 1074 tamen
409 1015 439 1074 in
458 1013 563 1072 tillicto
582 1011 690 1092 populo
709 1009 821 1092 aliquae
840 1013 993 1077 manebant
1017 1014 1129 1094 pictatia
1143 1016 1218 1076 seina

105 1095 172 1162 ittae,
189 1108 283 1172 neque
303 1093 456 1153 affinxerat
475 1110 513 1152 ex
533 1092 664 1152 condibna
684 1091 834 1172 promissio
844 1089 974 1152 Patribus
994 1092 1068 1163 dota,
1088 1113 1144 1154 non
1165 1094 1216 1154 do·
1292 1087 1297 1102 ⁸

105 1174 150 1232 bito
166 1191 263 1232 eornm
284 1191 386 1252 preces
405 1172 441 1232 ad
461 1169 557 1232 Deum
576 1171 663 1232 inisse
682 1189 842 1232 moveram.
862 1169 937 1232 Nam
955 1180 986 1233 et
1005 1175 1053 1252 qui
1072 1174 1142 1234 nibil
1160 1173 1219 1236 tata
1305 1235 1317 1246 ,

104 1252 251 1312 meditatum
271 1250 397 1324 trabeam
421 1252 445 1310 oi
464 1258 563 1312 tamen
582 1257 681 1329 urgeat
698 1250 790 1310 maior
809 1251 905 1331 aliqna
923 1256 1090 1328 necessitas,
1113 1272 1218 1315 arcano

104 1339 202 1392 naturae
219 1331 360 1392 instinctu
378 1330 415 1390 ad
437 1327 532 1390 Deum
550 1328 688 1392 feruntur.
728 1328 799 1406 Quo
818 1332 907 1411 magia
926 1331 1059 1394 credibile
1078 1339 1131 1406 eet,
1150 1353 1216 1416 pro·
1267 1345 1286 1366 '

105 1411 245 1470 minionem
265 1411 326 1472 illia
344 1410 432 1470 inim
451 1409 624 1490 magistratu,
642 1415 676 1470 nt
694 1407 836 1488 adDenm
856 1413 1035 1491 respicerent.
1057 1409 1133 1490 Quia
1148 1430 1218 1474 vero

105 1511 171 1552 nemo
189 1487 284 1550 Deam
305 1509 377 1550 vere
396 1490 528 1570 implorat
546 1489 600 1550 nial
619 1489 813 1550 anxiliom‘ab
832 1507 867 1550 eo
886 1507 1013 1570 open-ana,
1031 1492 1131 1552 metina
1150 1511 1217 1552 con·

104 1573 195 1632 dooere
213 1570 316 1630 delenit
335 1569 474 1632 lornttttea
493 1569 601 1633 clamor
620 1569 677 1643 itte,
703 1575 735 1630 nrt
753 1569 986 1649 redemptionom,
1011 1568 1143 1646 oblatam,
1162 1569 1218 1633 ooli

105 1645 154 1708 boo
171 1649 372 1711 adscriberent.
393 1654 548 1710 Amnon
566 1656 692 1710 tonttnor'
711 1647 826 1728 qnidam
844 1656 993 1729 upnnnnt
1011 1651 1095 1710 nimia
1109 1658 1218 1730 argute,

104 1731 279 1804 meoiudicio,
298 1731 412 1790 tonitru
432 1729 509 1809 qnod
530 1729 714 1788 occultaverit
733 1729 853 1808 gemitus
873 1731 981 1810 populi,
1000 1747 1036 1790 no
1055 1729 1218 1811 Aegyption

103 1811 176 1888 nagia
192 1809 407 1870 enacerlaarent.
438 1808 610 1888 Simpliciter
629 1807 765 1888 intelligo,
784 1824 887 1869 arcano
906 1815 936 1868 et
955 1808 1111 1870 admirabili
1129 1809 1217 1870 modo
1244 1881 1252 1888 .

104 1889 245 1950 manditnm
257 1889 348 1950 luime
358 1888 506 1968 populum,
518 1894 548 1947 et
558 1893 652 1948 temen
661 1887 737 1948 edita
748 1885 841 1968 palam
851 1888 936 1950 initae
950 1890 1038 1968 aigne.
1057 1908 1094 1949 ex
1114 1888 1218 1970 quibua

106 1968 249 2048 redigerent
268 1968 426 2040 israelitae,
445 1968 578 2026 divinitnn
598 1985 629 2026 oe
648 1967 747 2028 iuvari.
789 1965 929 2043 Quamvis
952 1987 1021 2048 crgo
1044 1989 1104 2030 non
1128 1988 1217 2050 appa·

102 2047 235 2110 mentDei
255 2049 356 2122 helea,
375 2049 482 2108 tonitru
501 2054 595 2108 tamen
615 2047 738 2131 notabile
757 2047 811 2106 fnit
830 2046 943 2106 latentis
962 2050 1024 2108 eina
1045 2050 1217 2129 praecentione

104 2128 225 2188 lndteinnn.
255 2127 321 2188 tam
363 2147 401 2186 no
421 2127 509 2207 ptnrie
528 2127 647 2204 gratiam
666 2126 740 2186 trano
758 2128 907 2188 aestiment
925 2126 1081 2200 israelitae,
1101 2127 1217 2208 obliqua
1266 2195 1277 2206 ,

102 2207 144 2265 ito
160 2206 236 2268 Deua
254 2227 352 2287 expro
374 2213 416 2264 rat
434 2204 554 2284 indignis
573 2205 660 2264 suinae
679 2207 859 2284 praeotltam=
879 2207 946 2286 qnia
966 2207 1080 2287 maligni
1100 2225 1134 2266 ac
1152 2227 1215 2288 pen.

102 2286 283 2368 contingenti
304 2287 528 2366 experimentum
549 2283 676 2344 dederint
698 2283 775 2364 apdd
799 2304 889 2365 aqnna
909 2285 1024 2344 Meriba.
1065 2283 1149 2346 Nom.
1170 2305 1217 2346 ca·
1247 2347 1251 2356 ,

103 2366 147 2444 pite
163 2371 207 2438 lt,
226 2383 306 2426 vera.
327 2365 376 2428 34.
416 2364 484 2424 Acri
504 2363 616 2435 diceret,
637 2383 727 2444 qnnnn
735 2363 840 2504 palam
860 2370 928 2425 tunc
948 2366 1102 2426 innotuerit
1122 2371 1216 2426 veotra
1274 2433 1282 2442 ,

102 2445 226 2524 impietae,
246 2451 330 2506 certe
348 2443 425 2505 nulla
445 2462 462 2503 a
482 2461 528 2504 mo
547 2442 643 2503 habita
663 2442 716 2503 luit
755 2445 877 2522 ignitatie
897 2451 1008 2506 vertrae
1027 2448 1108 2506 ratio.
1149 2443 1217 2506 Non

101 2527 241 2586 moneant
314 2526 344 2584 in
368 2543 421 2584 noo
446 2541 510 2584 com
531 2524 596 2598 etit,
626 2521 697 2582 baec
720 2521 880 2661 obiurgsatic
904 2542 991 2603 qnam
1016 2525 1045 2585 in
1065 2523 1218 2590 tornodoro

101 2607 155 2684 qnia
171 2625 227 2666 non
247 2625 286 2666 on
299 2624 348 2664 um
367 2621 456 2683 quom
476 2621 492 2661 a
527 2603 573 2663 'cti
592 2621 718 2664 mmmm
738 2601 791 2662 sub

99 2691 197 2748 nortrna
219 2686 347 2766 gemitna
371 2679 494 2756 audivit,
523 2681 573 2742 aed
596 2689 749 2762 antequam
769 2683 827 2742 nati
846 2701 988 2757 mutua,
1016 2684 1219 2779 redemptionia

99 2766 205 2842 pretinm
223 2764 311 2836 nobis
331 2764 429 2823 otntnit
448 2764 482 2822 io
498 2758 570 2822 Filio
589 2761 744 2840 unigenito.
774 2759 884 2822 Deinde
908 2781 999 2843 qnam
1018 2764 1124 2824 inimica
1142 2783 1218 2824 eoae·

100 2861 163 2918 rnna,
184 2865 236 2925 per
254 2843 445 2924 Evangelinm
469 2841 552 2902 nobie
576 2847 607 2902 et
624 2839 763 2922 Spiritum
788 2841 920 2917 illucens,
949 2841 986 2902 ad
1014 2845 1122 2924 gratiae
1150 2863 1219 2904 onae
1284 2869 1289 2892 r

98 2925 331 3004 participationem
351 2941 404 2982 noe
423 2923 550 2984 vocavit:
569 2928 599 2982 et
617 2927 713 2982 tamen
731 2939 790 2980 non
808 2921 962 2984 deainimna
980 2921 1007 2984 ei
1025 2921 1146 2984 'adludo
1166 2923 1217 2986 ot-

99 3007 220 3084 mopere,
238 3005 301 3065 imo
320 3002 452 3064 teroriter
470 3008 568 3064 roano
588 3021 654 3064 enm
672 3001 848 3062 tumultuari.
970 3041 982 3064 .
1009 3009 1019 3030 ‘

174 3169 205 3236 9.
241 3167 327 3236 Audi
348 3167 466 3260 popule
488 3167 547 3250 nni,
568 3177 601 3236 et
622 3167 822 3236 contestabor
842 3175 889 3234 teo
917 3165 1014 3234 lanati
1035 3165 1063 3233 ei
1084 3167 1220 3237 audiente

98 3297 149 3343 me.
193 3277 246 3344 10.
278 3273 330 3343 Ne
356 3275 396 3342 sit
423 3277 515 3346 inte
542 3273 621 3341 deu'a
648 3283 831 3356 extraneus,
857 3281 889 3339 et
914 3295 956 3340 ne
983 3271 1095 3341 adores
1123 3274 1220 3344 deuon
1259 3271 1266 3282 '

98 3381 235 3451 alienum.
285 3383 336 3450 ll.
370 3379 440 3474 Ego
461 3380 578 3448 lehova
601 3378 691 3446 Deua
712 3388 800 3460 tuus,
827 3377 941 3471 quite
968 3379 1065 3448 eduxi
1092 3405 1111 3450 e
1137 3392 1219 3452 terra

99 3487 236 3580 Aegypti:
258 3487 353 3555 dilata
375 3509 413 3555 os
435 3499 536 3569 tunm,
557 3495 590 3553 et
611 3485 749 3576 implebo
771 3483 858 3552 illud.
904 3486 957 3554 12.
985 3484 1028 3555 Et
1048 3509 1116 3555 non
1136 3489 1220 3586 andi·

98 3593 137 3658 rit
156 3593 293 3686 populus
314 3613 406 3662 meus
428 3615 541 3660 nocem
562 3613 667 3660 meam
689 3598 721 3660 et
742 3591 838 3659 lsrntl
864 3595 967 3660 renuit
994 3615 1055 3662 me.
1104 3593 1153 3660 13.
1177 3593 1219 3661 Et

99 3697 278 3770 dimisi-eoo
303 3699 336 3767 in
363 3697 550 3791 cogitatione
577 3697 680 3767 cordis
708 3705 835 3782 eorum,
867 3698 1072 3768 ambulabunt
1092 3698 1125 3766 in
1147 3723 1218 3767 con·
1305 3791 1307 3798 Α

99 3803 163 3873 tillio
183 3808 260 3876 onia.

168 3952 197 4012 9.
223 3951 307 4012 Anco
320 3953 430 4034 popolo
447 3957 497 4011 ont
538 3947 607 4027 Qoo
632 3949 732 4010 melino
751 3949 860 4010 animoa
880 3957 1046 4031 permoveat
1063 3946 1219 4033 Propheta,

101 4023 186 4088 Deum
210 4031 302 4090 induit
323 4049 444 4112 perrona
470 4029 608 4106 ductoria,
637 4049 762 4110 eumque
780 4031 952 4092 inmitior-iter
971 4031 1001 4091 in
1019 4031 1114 4092 medio
1133 4037 1218 4092 coetu

101 4105 251 4186 loquentem
262 4109 382 4170 traducit:
401 4117 434 4170 nt
445 4109 584 4190 intelligat
602 4102 726 4192 popblnn
745 4111 857 4171 inntilea
876 4129 910 4171 ac
929 4109 1050 4170 tneorioe
1069 4128 1132 4172 esan
1151 4131 1218 4172 con·

102 4192 325 4263 ventotorum,
344 4189 392 4264 nbi
412 4187 472 4248 νοι1
487 4186 545 4248 Dei
565 4189 600 4250 nd
621 4187 707 4250 tidem
726 4195 756 4250 et
773 4192 904 4269 pietatem
926 4191 1044 4248 incitans
1062 4209 1121 4250 non
1140 4211 1218 4254 reto·

103 4271 154 4324 nat.
191 4265 249 4328 Sed
268 4275 393 4351 praeolat
413 4267 497 4328 verba
516 4269 686 4350 expendere.
726 4268 867 4329 Praelatio
891 4268 963 4328 haee
981 4267 1106 4329 breviter
1125 4269 1218 4346 docet,

102 4361 153 4406 nnn
170 4349 223 4408 rite
240 4367 294 4410 nee
313 4359 383 4432 poro
402 4348 457 4410 enti
475 4347 564 4408 lenton
584 4349 654 4426 dies,
672 4349 727 4410 nini
745 4349 846 4410 attenti
864 4347 921 4410 rint
940 4345 1037 4410 liddon
1057 4348 1092 4410 ad
1103 4343 1158 4412 Dei
1169 4370 1218 4412 no·

834 2610 934 2672 atanae
952 2606 1117 2681 tyrannide,
1135 2603 1218 2666 Dece
1312 2681 1313 2684 Ἴ
