<?xml version="1.0" encoding="UTF-8"?>
<!DOCTYPE html PUBLIC "-//W3C//DTD XHTML 1.0 Transitional//EN"
    "http://www.w3.org/TR/xhtml1/DTD/xhtml1-transitional.dtd">
<html xmlns="http://www.w3.org/1999/xhtml" xml:lang="en" lang="en">
 <head>
  <title>
</title>
<meta http-equiv="Content-Type" content="text/html;charset=utf-8" />
  <meta name='ocr-system' content='tesseract 3.04.00' />
  <meta name='ocr-capabilities' content='ocr_page ocr_carea ocr_par ocr_line ocrx_word'/>
</head>
<body>
  <div class='ocr_page' id='page_1' title='image "./ioanniscalvinii04tholgoog_0124.png"; bbox 0 0 2874 4888; ppageno 0'>
   <div class='ocr_carea' id='block_1_1' title="bbox 459 353 1250 422">
    <p class='ocr_par' dir='ltr' id='par_1_1' title="bbox 459 353 1250 422">
     <span class='ocr_line' id='line_1_1' title="bbox 459 353 1250 422; baseline 0.038 -32"><span class='ocrx_word' id='word_1_1' title='bbox 459 353 501 390; x_wconf 79' lang='grc' dir='ltr'><strong>ιιι</strong></span> <span class='ocrx_word' id='word_1_2' title='bbox 531 354 549 390; x_wconf 78' lang='lat' dir='ltr'><strong>r</strong></span> <span class='ocrx_word' id='word_1_3' title='bbox 565 355 578 386; x_wconf 81' lang='grc' dir='ltr'><strong>ι</strong></span> <span class='ocrx_word' id='word_1_4' title='bbox 594 355 611 392; x_wconf 72' lang='lat' dir='ltr'><strong>r</strong></span> <span class='ocrx_word' id='word_1_5' title='bbox 630 357 644 392; x_wconf 91' lang='lat' dir='ltr'><strong>r.</strong></span> <span class='ocrx_word' id='word_1_6' title='bbox 662 355 690 393; x_wconf 81' lang='lat' dir='ltr'><strong>u,</strong></span> <span class='ocrx_word' id='word_1_7' title='bbox 721 353 869 398; x_wconf 68' lang='lat' dir='ltr'><strong>susurru.</strong></span> <span class='ocrx_word' id='word_1_8' title='bbox 1197 365 1250 422; x_wconf 73' lang='lat'><strong>115</strong></span> 
     </span>
    </p>
   </div>
   <div class='ocr_carea' id='block_1_2' title="bbox 107 473 1248 720">
    <p class='ocr_par' dir='ltr' id='par_1_2' title="bbox 107 473 1248 720">
     <span class='ocr_line' id='line_1_2' title="bbox 108 473 1248 610; baseline 0.004 -77"><span class='ocrx_word' id='word_1_9' title='bbox 108 474 195 533; x_wconf 79' lang='lat' dir='ltr'><strong>edam</strong></span> <span class='ocrx_word' id='word_1_10' title='bbox 221 478 267 532; x_wconf 85' lang='lat' dir='ltr'><strong>est</strong></span> <span class='ocrx_word' id='word_1_11' title='bbox 288 473 431 610; x_wconf 70' lang='lat' dir='ltr'><strong>partiale</strong></span> <span class='ocrx_word' id='word_1_12' title='bbox 456 494 557 534; x_wconf 70' lang='lat' dir='ltr'><strong>corono</strong></span> <span class='ocrx_word' id='word_1_13' title='bbox 581 485 619 550; x_wconf 84' lang='lat' dir='ltr'><strong>te,</strong></span> <span class='ocrx_word' id='word_1_14' title='bbox 644 479 711 556; x_wconf 85' lang='lat' dir='ltr'><strong>quia</strong></span> <span class='ocrx_word' id='word_1_15' title='bbox 735 477 789 537; x_wconf 87' lang='lat' dir='ltr'><strong>etsi</strong></span> <span class='ocrx_word' id='word_1_16' title='bbox 814 480 1003 540; x_wconf 77' lang='lat' dir='ltr'><strong>communiter</strong></span> <span class='ocrx_word' id='word_1_17' title='bbox 1026 501 1125 547; x_wconf 83' lang='lat' dir='ltr'><strong>omnus</strong></span> <span class='ocrx_word' id='word_1_18' title='bbox 1144 505 1248 566; x_wconf 63' lang='lat' dir='ltr'><strong>quem.</strong></span> 
     </span>
     <span class='ocr_line' id='line_1_3' title="bbox 108 551 1248 636; baseline 0.012 -23"><span class='ocrx_word' id='word_1_19' title='bbox 108 553 207 614; x_wconf 79' lang='lat' dir='ltr'><strong>tentor</strong></span> <span class='ocrx_word' id='word_1_20' title='bbox 229 551 261 612; x_wconf 89' lang='lat' dir='ltr'><strong>in</strong></span> <span class='ocrx_word' id='word_1_21' title='bbox 308 551 398 624; x_wconf 88' lang='lat' dir='ltr'><strong>olore,</strong></span> <span class='ocrx_word' id='word_1_22' title='bbox 422 555 546 614; x_wconf 88' lang='lat' dir='ltr'><strong>multum</strong></span> <span class='ocrx_word' id='word_1_23' title='bbox 564 561 666 615; x_wconf 74' lang='lat' dir='ltr'><strong>&#39;tamen</strong></span> <span class='ocrx_word' id='word_1_24' title='bbox 691 556 773 616; x_wconf 86' lang='lat' dir='ltr'><strong>abest</strong></span> <span class='ocrx_word' id='word_1_25' title='bbox 802 558 870 636; x_wconf 90' lang='lat' dir='ltr'><strong>quin</strong></span> <span class='ocrx_word' id='word_1_26' title='bbox 896 559 1042 622; x_wconf 79' lang='lat' dir='ltr'><strong>effundant</strong></span> <span class='ocrx_word' id='word_1_27' title='bbox 1066 581 1163 624; x_wconf 90' lang='lat' dir='ltr'><strong>eoram</strong></span> <span class='ocrx_word' id='word_1_28' title='bbox 1183 565 1248 627; x_wconf 83' lang='lat' dir='ltr'><strong>Deo</strong></span> 
     </span>
     <span class='ocr_line' id='line_1_4' title="bbox 107 631 1245 720; baseline 0.011 -29"><span class='ocrx_word' id='word_1_29' title='bbox 107 651 177 691; x_wconf 85' lang='lat' dir='ltr'><strong>suos</strong></span> <span class='ocrx_word' id='word_1_30' title='bbox 204 631 337 712; x_wconf 83' lang='lat' dir='ltr'><strong>gemitus,</strong></span> <span class='ocrx_word' id='word_1_31' title='bbox 361 632 420 692; x_wconf 89' lang='lat' dir='ltr'><strong>imo</strong></span> <span class='ocrx_word' id='word_1_32' title='bbox 444 635 535 694; x_wconf 89' lang='lat' dir='ltr'><strong>maior</strong></span> <span class='ocrx_word' id='word_1_33' title='bbox 555 653 621 714; x_wconf 90' lang='lat' dir='ltr'><strong>pars</strong></span> <span class='ocrx_word' id='word_1_34' title='bbox 646 633 768 716; x_wconf 79' lang='lat' dir='ltr'><strong>latebras</strong></span> <span class='ocrx_word' id='word_1_35' title='bbox 788 637 937 716; x_wconf 86' lang='lat' dir='ltr'><strong>quaeritat,</strong></span> <span class='ocrx_word' id='word_1_36' title='bbox 955 639 986 698; x_wconf 91' lang='lat' dir='ltr'><strong>in</strong></span> <span class='ocrx_word' id='word_1_37' title='bbox 1006 639 1109 720; x_wconf 87' lang='lat' dir='ltr'><strong>quibus</strong></span> <span class='ocrx_word' id='word_1_38' title='bbox 1129 644 1245 704; x_wconf 84' lang='lat' dir='ltr'><strong>obmur-</strong></span> 
     </span>
    </p>
   </div>
   <div class='ocr_carea' id='block_1_3' title="bbox 107 707 1389 790">
    <p class='ocr_par' dir='ltr' id='par_1_3' title="bbox 107 707 1389 790">
     <span class='ocr_line' id='line_1_5' title="bbox 107 707 1389 790; baseline 0.01 -20"><span class='ocrx_word' id='word_1_39' title='bbox 107 716 206 771; x_wconf 88' lang='lat' dir='ltr'><strong>muret</strong></span> <span class='ocrx_word' id='word_1_40' title='bbox 225 707 301 782; x_wconf 90' lang='lat' dir='ltr'><strong>Deo,</strong></span> <span class='ocrx_word' id='word_1_41' title='bbox 320 711 439 790; x_wconf 84' lang='lat' dir='ltr'><strong>eiusque</strong></span> <span class='ocrx_word' id='word_1_42' title='bbox 462 713 642 772; x_wconf 84' lang='lat' dir='ltr'><strong>severitatem</strong></span> <span class='ocrx_word' id='word_1_43' title='bbox 667 719 792 773; x_wconf 75' lang='grc' dir='ltr'>ιιιιιιιε</span> <span class='ocrx_word' id='word_1_44' title='bbox 816 717 865 774; x_wconf 84' lang='grc' dir='ltr'><strong>ιΙίί</strong></span> <span class='ocrx_word' id='word_1_45' title='bbox 889 716 1026 777; x_wconf 73' lang='lat' dir='ltr'><strong>memores</strong></span> <span class='ocrx_word' id='word_1_46' title='bbox 1051 739 1119 779; x_wconf 84' lang='lat' dir='ltr'><strong>suos</strong></span> <span class='ocrx_word' id='word_1_47' title='bbox 1142 731 1249 788; x_wconf 83' lang='lat' dir='ltr'><strong>temere</strong></span> <span class='ocrx_word' id='word_1_48' title='bbox 1380 763 1389 775; x_wconf 78' lang='grc'><strong>-</strong></span> 
     </span>
    </p>
   </div>
   <div class='ocr_carea' id='block_1_4' title="bbox 66 789 1248 1595">
    <p class='ocr_par' dir='ltr' id='par_1_4' title="bbox 107 789 1248 961">
     <span class='ocr_line' id='line_1_6' title="bbox 107 789 1248 873; baseline 0.015 -26"><span class='ocrx_word' id='word_1_49' title='bbox 107 789 263 872; x_wconf 87' lang='lat' dir='ltr'><strong>proiieiuut</strong></span> <span class='ocrx_word' id='word_1_50' title='bbox 282 791 312 848; x_wconf 89' lang='lat' dir='ltr'><strong>in</strong></span> <span class='ocrx_word' id='word_1_51' title='bbox 332 795 435 851; x_wconf 74' lang='lat' dir='ltr'><strong>aerem</strong></span> <span class='ocrx_word' id='word_1_52' title='bbox 466 789 548 850; x_wconf 82' lang='lat' dir='ltr'>Unde</span> <span class='ocrx_word' id='word_1_53' title='bbox 567 792 734 873; x_wconf 78' lang='lat' dir='ltr'><strong>colligimus,</strong></span> <span class='ocrx_word' id='word_1_54' title='bbox 754 795 956 855; x_wconf 83' lang='lat' dir='ltr'><strong>raraerirlutis</strong></span> <span class='ocrx_word' id='word_1_55' title='bbox 968 815 1039 873; x_wconf 87' lang='lat' dir='ltr'><strong>esse,</strong></span> <span class='ocrx_word' id='word_1_56' title='bbox 1057 796 1248 864; x_wconf 84' lang='lat' dir='ltr'><strong>Deumuobia</strong></span> 
     </span>
     <span class='ocr_line' id='line_1_7' title="bbox 108 869 1002 961; baseline 0.004 -31"><span class='ocrx_word' id='word_1_57' title='bbox 108 877 236 931; x_wconf 85' lang='lat' dir='ltr'><strong>statuere</strong></span> <span class='ocrx_word' id='word_1_58' title='bbox 254 875 324 932; x_wconf 83' lang='lat' dir='ltr'><strong>anto</strong></span> <span class='ocrx_word' id='word_1_59' title='bbox 343 869 452 943; x_wconf 81' lang='lat' dir='ltr'><strong>oeulos,</strong></span> <span class='ocrx_word' id='word_1_60' title='bbox 472 870 508 930; x_wconf 86' lang='lat' dir='ltr'><strong>ad</strong></span> <span class='ocrx_word' id='word_1_61' title='bbox 529 889 615 961; x_wconf 86' lang='lat' dir='ltr'><strong>quem</strong></span> <span class='ocrx_word' id='word_1_62' title='bbox 627 880 703 933; x_wconf 72' lang='lat' dir='ltr'><strong>‚vota</strong></span> <span class='ocrx_word' id='word_1_63' title='bbox 723 878 820 934; x_wconf 88' lang='lat' dir='ltr'><strong>nostra</strong></span> <span class='ocrx_word' id='word_1_64' title='bbox 840 874 1002 956; x_wconf 72' lang='lat' dir='ltr'><strong>dirigamus.</strong></span> 
     </span>
    </p>

    <p class='ocr_par' dir='ltr' id='par_1_5' title="bbox 66 949 1248 1595">
     <span class='ocr_line' id='line_1_8' title="bbox 191 949 1248 1048; baseline 0.013 -40"><span class='ocrx_word' id='word_1_65' title='bbox 191 949 220 1046; x_wconf 62' lang='lat' dir='ltr'><strong>d.</strong></span> <span class='ocrx_word' id='word_1_66' title='bbox 243 955 393 1024; x_wconf 74' lang='lat' dir='ltr'><strong>Quantum</strong></span> <span class='ocrx_word' id='word_1_67' title='bbox 416 959 556 1046; x_wconf 76' lang='lat' dir='ltr'><strong>aolurpdo</strong></span> <span class='ocrx_word' id='word_1_68' title='bbox 579 959 623 1012; x_wconf 79' lang='grc' dir='ltr'><strong>ιιι</strong></span> <span class='ocrx_word' id='word_1_69' title='bbox 651 955 874 1048; x_wconf 35' lang='grc' dir='ltr'>ιηιὶἰιιαηιηιι.</span> <span class='ocrx_word' id='word_1_70' title='bbox 907 952 959 1014; x_wconf 80' lang='lat' dir='ltr'><strong>flu</strong></span> <span class='ocrx_word' id='word_1_71' title='bbox 984 954 1076 1016; x_wconf 86' lang='lat' dir='ltr'><strong>verbis</strong></span> <span class='ocrx_word' id='word_1_72' title='bbox 1102 956 1248 1040; x_wconf 71' lang='lat' dir='ltr'><strong>Propheta</strong></span> 
     </span>
     <span class='ocr_line' id='line_1_9' title="bbox 107 1029 1248 1192; baseline 0.01 -24"><span class='ocrx_word' id='word_1_73' title='bbox 107 1029 399 1182; x_wconf 59' lang='lat' dir='ltr'><strong>ttttttttw</strong></span> <span class='ocrx_word' id='word_1_74' title='bbox 412 1029 1248 1192; x_wconf 50' lang='lat' dir='ltr'><strong>litttftt..tuttiinstituitis}</strong></span> 
     </span>
     <span class='ocr_line' id='line_1_10' title="bbox 107 1187 1247 1271; baseline 0.01 -23"><span class='ocrx_word' id='word_1_75' title='bbox 107 1188 255 1249; x_wconf 81' lang='lat' dir='ltr'><strong>malorum</strong></span> <span class='ocrx_word' id='word_1_76' title='bbox 274 1187 405 1268; x_wconf 85' lang='lat' dir='ltr'><strong>eougerie</strong></span> <span class='ocrx_word' id='word_1_77' title='bbox 424 1189 460 1248; x_wconf 93' lang='lat' dir='ltr'><strong>ad</strong></span> <span class='ocrx_word' id='word_1_78' title='bbox 480 1189 709 1250; x_wconf 88' lang='lat' dir='ltr'><strong>lamentationem</strong></span> <span class='ocrx_word' id='word_1_79' title='bbox 723 1192 796 1252; x_wconf 88' lang='lat' dir='ltr'><strong>iuste</strong></span> <span class='ocrx_word' id='word_1_80' title='bbox 814 1191 930 1271; x_wconf 83' lang='lat' dir='ltr'><strong>impelli.</strong></span> <span class='ocrx_word' id='word_1_81' title='bbox 960 1189 1115 1253; x_wconf 87' lang='lat' dir='ltr'><strong>Neeunam</strong></span> <span class='ocrx_word' id='word_1_82' title='bbox 1135 1203 1247 1258; x_wconf 84' lang='lat' dir='ltr'><strong>tantum</strong></span> 
     </span>
     <span class='ocr_line' id='line_1_11' title="bbox 66 1267 1248 1350; baseline 0.008 -22"><span class='ocrx_word' id='word_1_83' title='bbox 66 1305 70 1314; x_wconf 53' lang='grc' dir='ltr'>ι</span> <span class='ocrx_word' id='word_1_84' title='bbox 109 1268 180 1328; x_wconf 87' lang='lat' dir='ltr'><strong>mali</strong></span> <span class='ocrx_word' id='word_1_85' title='bbox 201 1267 324 1348; x_wconf 83' lang='lat' dir='ltr'><strong>speeiem</strong></span> <span class='ocrx_word' id='word_1_86' title='bbox 344 1267 465 1347; x_wconf 81' lang='lat' dir='ltr'><strong>prolerts</strong></span> <span class='ocrx_word' id='word_1_87' title='bbox 485 1269 534 1328; x_wconf 84' lang='lat' dir='ltr'><strong>sed</strong></span> <span class='ocrx_word' id='word_1_88' title='bbox 555 1269 681 1329; x_wconf 84' lang='lat' dir='ltr'><strong>aliaaliis</strong></span> <span class='ocrx_word' id='word_1_89' title='bbox 701 1269 819 1330; x_wconf 84' lang='lat' dir='ltr'><strong>fuisses</strong></span> <span class='ocrx_word' id='word_1_90' title='bbox 840 1278 929 1350; x_wconf 59' lang='lat' dir='ltr'><strong>gestu</strong></span> <span class='ocrx_word' id='word_1_91' title='bbox 949 1279 983 1332; x_wconf 89' lang='lat' dir='ltr'><strong>ut</strong></span> <span class='ocrx_word' id='word_1_92' title='bbox 1002 1273 1038 1334; x_wconf 88' lang='lat' dir='ltr'><strong>ud</strong></span> <span class='ocrx_word' id='word_1_93' title='bbox 1057 1274 1182 1336; x_wconf 89' lang='lat' dir='ltr'><strong>taedium</strong></span> <span class='ocrx_word' id='word_1_94' title='bbox 1201 1297 1248 1338; x_wconf 85' lang='lat' dir='ltr'><strong>us·</strong></span> 
     </span>
     <span class='ocr_line' id='line_1_12' title="bbox 109 1291 1248 1436; baseline 0.011 -31"><span class='ocrx_word' id='word_1_95' title='bbox 109 1366 169 1426; x_wconf 87' lang='lat' dir='ltr'><strong>que</strong></span> <span class='ocrx_word' id='word_1_96' title='bbox 188 1365 241 1406; x_wconf 88' lang='lat' dir='ltr'><strong>eor</strong></span> <span class='ocrx_word' id='word_1_97' title='bbox 259 1348 320 1406; x_wconf 85' lang='lat' dir='ltr'><strong>eiua</strong></span> <span class='ocrx_word' id='word_1_98' title='bbox 339 1347 515 1408; x_wconf 85' lang='lat' dir='ltr'><strong>moeroribus</strong></span> <span class='ocrx_word' id='word_1_99' title='bbox 534 1349 671 1408; x_wconf 79' lang='lat' dir='ltr'><strong>refertum</strong></span> <span class='ocrx_word' id='word_1_100' title='bbox 691 1349 785 1410; x_wconf 82' lang='lat' dir='ltr'><strong>luerit.</strong></span> <span class='ocrx_word' id='word_1_101' title='bbox 821 1291 934 1411; x_wconf 67' lang='lat' dir='ltr'><strong>heroos</strong></span> <span class='ocrx_word' id='word_1_102' title='bbox 951 1353 982 1411; x_wconf 92' lang='lat' dir='ltr'><strong>in</strong></span> <span class='ocrx_word' id='word_1_103' title='bbox 1001 1353 1095 1432; x_wconf 88' lang='lat' dir='ltr'><strong>speeie</strong></span> <span class='ocrx_word' id='word_1_104' title='bbox 1114 1356 1248 1436; x_wconf 84' lang='lat' dir='ltr'><strong>exprimit</strong></span> 
     </span>
     <span class='ocr_line' id='line_1_13' title="bbox 110 1427 1247 1515; baseline 0.008 -29"><span class='ocrx_word' id='word_1_105' title='bbox 110 1428 202 1486; x_wconf 83' lang='lat' dir='ltr'><strong>vitam</strong></span> <span class='ocrx_word' id='word_1_106' title='bbox 222 1445 303 1484; x_wconf 87' lang='lat' dir='ltr'><strong>suam</strong></span> <span class='ocrx_word' id='word_1_107' title='bbox 322 1445 381 1486; x_wconf 91' lang='lat' dir='ltr'><strong>non</strong></span> <span class='ocrx_word' id='word_1_108' title='bbox 400 1427 502 1508; x_wconf 86' lang='lat' dir='ltr'><strong>procul</strong></span> <span class='ocrx_word' id='word_1_109' title='bbox 521 1427 643 1488; x_wconf 79' lang='lat' dir='ltr'><strong>abfuisse</strong></span> <span class='ocrx_word' id='word_1_110' title='bbox 663 1446 680 1489; x_wconf 87' lang='lat' dir='ltr'><strong>a</strong></span> <span class='ocrx_word' id='word_1_111' title='bbox 699 1429 842 1510; x_wconf 69' lang='lat' dir='ltr'><strong>sepulcro.</strong></span> <span class='ocrx_word' id='word_1_112' title='bbox 880 1428 940 1490; x_wconf 86' lang='lat' dir='ltr'><strong>Sed</strong></span> <span class='ocrx_word' id='word_1_113' title='bbox 964 1429 1021 1492; x_wconf 87' lang='lat' dir='ltr'><strong>boe</strong></span> <span class='ocrx_word' id='word_1_114' title='bbox 1039 1451 1157 1514; x_wconf 85' lang='lat' dir='ltr'><strong>quoque</strong></span> <span class='ocrx_word' id='word_1_115' title='bbox 1182 1454 1247 1515; x_wconf 92' lang='lat' dir='ltr'><strong>pro·</strong></span> 
     </span>
     <span class='ocr_line' id='line_1_14' title="bbox 111 1506 1247 1595; baseline 0.008 -29"><span class='ocrx_word' id='word_1_116' title='bbox 111 1507 193 1566; x_wconf 79' lang='lat' dir='ltr'><strong>ximo</strong></span> <span class='ocrx_word' id='word_1_117' title='bbox 212 1525 299 1564; x_wconf 85' lang='lat' dir='ltr'><strong>versu</strong></span> <span class='ocrx_word' id='word_1_118' title='bbox 317 1507 406 1584; x_wconf 87' lang='lat' dir='ltr'><strong>magis</strong></span> <span class='ocrx_word' id='word_1_119' title='bbox 425 1513 588 1588; x_wconf 72' lang='lat' dir='ltr'><strong>exaggerat,</strong></span> <span class='ocrx_word' id='word_1_120' title='bbox 611 1506 659 1567; x_wconf 90' lang='lat' dir='ltr'><strong>ubi</strong></span> <span class='ocrx_word' id='word_1_121' title='bbox 684 1528 715 1568; x_wconf 84' lang='lat' dir='ltr'><strong>se</strong></span> <span class='ocrx_word' id='word_1_122' title='bbox 735 1511 815 1590; x_wconf 89' lang='lat' dir='ltr'><strong>quasi</strong></span> <span class='ocrx_word' id='word_1_123' title='bbox 839 1509 998 1570; x_wconf 73' lang='lat' dir='ltr'><strong>munimem</strong></span> <span class='ocrx_word' id='word_1_124' title='bbox 1017 1510 1105 1572; x_wconf 78' lang='lat' dir='ltr'><strong>fuisse</strong></span> <span class='ocrx_word' id='word_1_125' title='bbox 1124 1533 1247 1595; x_wconf 86' lang='lat' dir='ltr'><strong>eoaque·</strong></span> 
     </span>
    </p>
   </div>
   <div class='ocr_carea' id='block_1_5' title="bbox 112 1581 1347 1672">
    <p class='ocr_par' dir='ltr' id='par_1_6' title="bbox 112 1581 1347 1672">
     <span class='ocr_line' id='line_1_15' title="bbox 112 1581 1347 1672; baseline 0.008 -28"><span class='ocrx_word' id='word_1_126' title='bbox 112 1587 195 1644; x_wconf 88' lang='lat' dir='ltr'><strong>ritur.</strong></span> <span class='ocrx_word' id='word_1_127' title='bbox 225 1581 288 1643; x_wconf 83' lang='lat' dir='ltr'><strong>Etsi</strong></span> <span class='ocrx_word' id='word_1_128' title='bbox 305 1585 381 1644; x_wconf 87' lang='lat' dir='ltr'><strong>enim</strong></span> <span class='ocrx_word' id='word_1_129' title='bbox 400 1586 527 1667; x_wconf 76' lang='lat' dir='ltr'><strong>spirabat</strong></span> <span class='ocrx_word' id='word_1_130' title='bbox 545 1587 620 1664; x_wconf 72' lang='lat' dir='ltr'><strong>inter</strong></span> <span class='ocrx_word' id='word_1_131' title='bbox 639 1587 732 1664; x_wconf 86' lang='lat' dir='ltr'><strong>vivos,</strong></span> <span class='ocrx_word' id='word_1_132' title='bbox 751 1591 858 1648; x_wconf 86' lang='lat' dir='ltr'><strong>multae</strong></span> <span class='ocrx_word' id='word_1_133' title='bbox 872 1596 969 1650; x_wconf 89' lang='lat' dir='ltr'><strong>tamen</strong></span> <span class='ocrx_word' id='word_1_134' title='bbox 988 1597 1177 1672; x_wconf 88' lang='lat' dir='ltr'><strong>mortesquoe</strong></span> <span class='ocrx_word' id='word_1_135' title='bbox 1196 1615 1248 1653; x_wconf 90' lang='lat' dir='ltr'><strong>nn·</strong></span> <span class='ocrx_word' id='word_1_136' title='bbox 1342 1617 1347 1624; x_wconf 94' lang='lat'>·</span> 
     </span>
    </p>
   </div>
   <div class='ocr_carea' id='block_1_6' title="bbox 106 1664 1282 2457">
    <p class='ocr_par' dir='ltr' id='par_1_7' title="bbox 111 1664 1248 1989">
     <span class='ocr_line' id='line_1_16' title="bbox 114 1664 1248 1752; baseline 0.007 -28"><span class='ocrx_word' id='word_1_137' title='bbox 114 1665 199 1744; x_wconf 88' lang='lat' dir='ltr'><strong>dique</strong></span> <span class='ocrx_word' id='word_1_138' title='bbox 218 1664 428 1743; x_wconf 66' lang='lat' dir='ltr'><strong>impendebant,</strong></span> <span class='ocrx_word' id='word_1_139' title='bbox 449 1666 659 1726; x_wconf 89' lang='lat' dir='ltr'><strong>totidemerant</strong></span> <span class='ocrx_word' id='word_1_140' title='bbox 678 1687 709 1727; x_wconf 88' lang='lat' dir='ltr'><strong>se</strong></span> <span class='ocrx_word' id='word_1_141' title='bbox 731 1668 818 1742; x_wconf 87' lang='lat' dir='ltr'><strong>olera,</strong></span> <span class='ocrx_word' id='word_1_142' title='bbox 839 1668 982 1752; x_wconf 84' lang='lat' dir='ltr'><strong>quibuuse</strong></span> <span class='ocrx_word' id='word_1_143' title='bbox 1002 1689 1072 1730; x_wconf 85' lang='lat' dir='ltr'><strong>mox</strong></span> <span class='ocrx_word' id='word_1_144' title='bbox 1091 1670 1248 1752; x_wconf 87' lang='lat' dir='ltr'><strong>deglutien-</strong></span> 
     </span>
     <span class='ocr_line' id='line_1_17' title="bbox 114 1741 1247 1830; baseline 0.011 -28"><span class='ocrx_word' id='word_1_145' title='bbox 114 1743 182 1804; x_wconf 91' lang='lat' dir='ltr'><strong>dum</strong></span> <span class='ocrx_word' id='word_1_146' title='bbox 201 1742 329 1823; x_wconf 88' lang='lat' dir='ltr'><strong>putabat.</strong></span> <span class='ocrx_word' id='word_1_147' title='bbox 362 1741 524 1808; x_wconf 82' lang='lat' dir='ltr'><strong>Etuouuen</strong></span> <span class='ocrx_word' id='word_1_148' title='bbox 544 1751 696 1826; x_wconf 62' lang='lat' dir='ltr'><strong>mquo</strong></span> <span class='ocrx_word' id='word_1_149' title='bbox 726 1747 915 1808; x_wconf 82' lang='lat' dir='ltr'><strong>alortitudine</strong></span> <span class='ocrx_word' id='word_1_150' title='bbox 927 1749 1036 1822; x_wconf 88' lang='lat' dir='ltr'><strong>dieitur,</strong></span> <span class='ocrx_word' id='word_1_151' title='bbox 1056 1752 1150 1830; x_wconf 89' lang='lat' dir='ltr'><strong>potius</strong></span> <span class='ocrx_word' id='word_1_152' title='bbox 1182 1771 1247 1814; x_wconf 90' lang='lat' dir='ltr'><strong>uam</strong></span> 
     </span>
     <span class='ocr_line' id='line_1_18' title="bbox 112 1772 1198 1906; baseline 0.007 -24"><span class='ocrx_word' id='word_1_153' title='bbox 112 1821 239 1882; x_wconf 85' lang='lat' dir='ltr'><strong>huminis</strong></span> <span class='ocrx_word' id='word_1_154' title='bbox 263 1811 375 1886; x_wconf 70' lang='lat' dir='ltr'><strong>hidetur</strong></span> <span class='ocrx_word' id='word_1_155' title='bbox 394 1825 530 1903; x_wconf 81' lang='lat' dir='ltr'><strong>posuisse,</strong></span> <span class='ocrx_word' id='word_1_156' title='bbox 555 1845 615 1906; x_wconf 92' lang='lat' dir='ltr'><strong>quo</strong></span> <span class='ocrx_word' id='word_1_157' title='bbox 634 1827 735 1886; x_wconf 90' lang='lat' dir='ltr'><strong>melius</strong></span> <span class='ocrx_word' id='word_1_158' title='bbox 755 1833 888 1887; x_wconf 86' lang='lat' dir='ltr'><strong>testatum</strong></span> <span class='ocrx_word' id='word_1_159' title='bbox 906 1827 1012 1888; x_wconf 78' lang='lat' dir='ltr'><strong>laceret</strong></span> <span class='ocrx_word' id='word_1_160' title='bbox 1031 1835 1139 1888; x_wconf 85' lang='lat' dir='ltr'><strong>tautum</strong></span> <span class='ocrx_word' id='word_1_161' title='bbox 1159 1772 1179 1890; x_wconf 60' lang='lat' dir='ltr'><strong>i</strong></span> <span class='ocrx_word' id='word_1_162' title='bbox 1192 1834 1198 1848; x_wconf 91' lang='lat'>&#39;</span> 
     </span>
     <span class='ocr_line' id='line_1_19' title="bbox 111 1903 1187 1989; baseline 0.004 -25"><span class='ocrx_word' id='word_1_163' title='bbox 111 1905 290 1964; x_wconf 72' lang='lat' dir='ltr'><strong>stratilatum</strong></span> <span class='ocrx_word' id='word_1_164' title='bbox 309 1903 449 1962; x_wconf 90' lang='lat' dir='ltr'><strong>malorum</strong></span> <span class='ocrx_word' id='word_1_165' title='bbox 469 1921 543 1984; x_wconf 86' lang='lat' dir='ltr'><strong>quae</strong></span> <span class='ocrx_word' id='word_1_166' title='bbox 561 1905 607 1964; x_wconf 87' lang='lat' dir='ltr'><strong>vel</strong></span> <span class='ocrx_word' id='word_1_167' title='bbox 627 1903 853 1966; x_wconf 85' lang='lat' dir='ltr'><strong>robustissimum</strong></span> <span class='ocrx_word' id='word_1_168' title='bbox 874 1919 1017 1987; x_wconf 77' lang='lat' dir='ltr'><strong>quemque</strong></span> <span class='ocrx_word' id='word_1_169' title='bbox 1036 1907 1187 1989; x_wconf 79' lang='lat' dir='ltr'><strong>frangeret.</strong></span> 
     </span>
    </p>

    <p class='ocr_par' dir='ltr' id='par_1_8' title="bbox 106 1981 1282 2457">
     <span class='ocr_line' id='line_1_20' title="bbox 192 1981 1249 2068; baseline 0.006 -25"><span class='ocrx_word' id='word_1_170' title='bbox 192 1983 222 2043; x_wconf 84' lang='lat'><strong>6.</strong></span> <span class='ocrx_word' id='word_1_171' title='bbox 241 1983 328 2042; x_wconf 79' lang='lat' dir='ltr'><strong>Inter</strong></span> <span class='ocrx_word' id='word_1_172' title='bbox 344 1993 477 2043; x_wconf 78' lang='lat' dir='ltr'><strong>mortuos</strong></span> <span class='ocrx_word' id='word_1_173' title='bbox 493 1985 574 2044; x_wconf 82' lang='lat' dir='ltr'><strong>liber.</strong></span> <span class='ocrx_word' id='word_1_174' title='bbox 600 1981 667 2044; x_wconf 88' lang='lat' dir='ltr'><strong>Plus</strong></span> <span class='ocrx_word' id='word_1_175' title='bbox 687 1985 820 2065; x_wconf 85' lang='lat' dir='ltr'><strong>quiddam</strong></span> <span class='ocrx_word' id='word_1_176' title='bbox 841 1993 870 2045; x_wconf 88' lang='lat' dir='ltr'><strong>et</strong></span> <span class='ocrx_word' id='word_1_177' title='bbox 890 1988 1004 2066; x_wconf 83' lang='lat' dir='ltr'><strong>gravius</strong></span> <span class='ocrx_word' id='word_1_178' title='bbox 1024 1987 1134 2068; x_wconf 83' lang='lat' dir='ltr'><strong>vulgari</strong></span> <span class='ocrx_word' id='word_1_179' title='bbox 1154 1995 1249 2049; x_wconf 83' lang='lat' dir='ltr'><strong>morte</strong></span> 
     </span>
     <span class='ocr_line' id='line_1_21' title="bbox 113 2058 1247 2142; baseline 0.006 -23"><span class='ocrx_word' id='word_1_180' title='bbox 113 2061 274 2141; x_wconf 76' lang='lat' dir='ltr'><strong>exprimere</strong></span> <span class='ocrx_word' id='word_1_181' title='bbox 292 2061 384 2120; x_wconf 82' lang='lat' dir='ltr'><strong>voluit</strong></span> <span class='ocrx_word' id='word_1_182' title='bbox 402 2058 555 2142; x_wconf 82' lang='lat' dir='ltr'><strong>Propheta.</strong></span> <span class='ocrx_word' id='word_1_183' title='bbox 595 2061 692 2123; x_wconf 85' lang='lat' dir='ltr'><strong>Primo</strong></span> <span class='ocrx_word' id='word_1_184' title='bbox 712 2083 743 2124; x_wconf 88' lang='lat' dir='ltr'><strong>se</strong></span> <span class='ocrx_word' id='word_1_185' title='bbox 762 2064 883 2124; x_wconf 85' lang='lat' dir='ltr'><strong>liberam</strong></span> <span class='ocrx_word' id='word_1_186' title='bbox 910 2083 971 2125; x_wconf 86' lang='lat' dir='ltr'><strong>esse</strong></span> <span class='ocrx_word' id='word_1_187' title='bbox 991 2065 1057 2125; x_wconf 87' lang='lat' dir='ltr'><strong>diuil</strong></span> <span class='ocrx_word' id='word_1_188' title='bbox 1077 2069 1152 2126; x_wconf 91' lang='lat' dir='ltr'><strong>inter</strong></span> <span class='ocrx_word' id='word_1_189' title='bbox 1171 2087 1247 2128; x_wconf 87' lang='lat' dir='ltr'><strong>ruor-</strong></span> 
     </span>
     <span class='ocr_line' id='line_1_22' title="bbox 112 2139 1247 2219; baseline 0.004 -19"><span class='ocrx_word' id='word_1_190' title='bbox 112 2145 188 2213; x_wconf 79' lang='lat' dir='ltr'><strong>roos,</strong></span> <span class='ocrx_word' id='word_1_191' title='bbox 212 2139 291 2219; x_wconf 90' lang='lat' dir='ltr'><strong>quod</strong></span> <span class='ocrx_word' id='word_1_192' title='bbox 310 2139 416 2200; x_wconf 86' lang='lat' dir='ltr'><strong>inutilis</strong></span> <span class='ocrx_word' id='word_1_193' title='bbox 434 2147 510 2201; x_wconf 83' lang='lat' dir='ltr'><strong>esset</strong></span> <span class='ocrx_word' id='word_1_194' title='bbox 532 2141 568 2200; x_wconf 85' lang='lat' dir='ltr'><strong>ad</strong></span> <span class='ocrx_word' id='word_1_195' title='bbox 588 2144 683 2201; x_wconf 88' lang='lat' dir='ltr'><strong>omnia</strong></span> <span class='ocrx_word' id='word_1_196' title='bbox 711 2145 786 2202; x_wconf 86' lang='lat' dir='ltr'><strong>vitae</strong></span> <span class='ocrx_word' id='word_1_197' title='bbox 805 2163 932 2218; x_wconf 72' lang='lat' dir='ltr'><strong>munuera,</strong></span> <span class='ocrx_word' id='word_1_198' title='bbox 952 2149 981 2203; x_wconf 90' lang='lat' dir='ltr'><strong>et</strong></span> <span class='ocrx_word' id='word_1_199' title='bbox 1022 2147 1081 2202; x_wconf 87' lang='lat' dir='ltr'><strong>uusi</strong></span> <span class='ocrx_word' id='word_1_200' title='bbox 1101 2163 1118 2204; x_wconf 89' lang='lat' dir='ltr'><strong>a</strong></span> <span class='ocrx_word' id='word_1_201' title='bbox 1139 2146 1247 2205; x_wconf 89' lang='lat' dir='ltr'><strong>mundo</strong></span> 
     </span>
     <span class='ocr_line' id='line_1_23' title="bbox 114 2217 1247 2302; baseline 0.006 -24"><span class='ocrx_word' id='word_1_202' title='bbox 114 2219 260 2278; x_wconf 83' lang='lat' dir='ltr'><strong>alienatus.</strong></span> <span class='ocrx_word' id='word_1_203' title='bbox 299 2217 351 2279; x_wconf 86' lang='lat' dir='ltr'><strong>llltt</strong></span> <span class='ocrx_word' id='word_1_204' title='bbox 374 2221 451 2280; x_wconf 87' lang='lat' dir='ltr'><strong>euim</strong></span> <span class='ocrx_word' id='word_1_205' title='bbox 469 2219 621 2302; x_wconf 82' lang='lat' dir='ltr'><strong>Augustini</strong></span> <span class='ocrx_word' id='word_1_206' title='bbox 638 2222 755 2299; x_wconf 79' lang='lat' dir='ltr'><strong>u&#39;rgutia</strong></span> <span class='ocrx_word' id='word_1_207' title='bbox 780 2221 850 2279; x_wconf 89' lang='lat' dir='ltr'><strong>nibil</strong></span> <span class='ocrx_word' id='word_1_208' title='bbox 876 2223 913 2280; x_wconf 85' lang='lat' dir='ltr'><strong>sd</strong></span> <span class='ocrx_word' id='word_1_209' title='bbox 933 2221 1010 2302; x_wconf 90' lang='lat' dir='ltr'><strong>Prop</strong></span> <span class='ocrx_word' id='word_1_210' title='bbox 1030 2229 1093 2282; x_wconf 85' lang='lat' dir='ltr'><strong>atae</strong></span> <span class='ocrx_word' id='word_1_211' title='bbox 1112 2231 1247 2300; x_wconf 84' lang='lat' dir='ltr'><strong>mentem,</strong></span> 
     </span>
     <span class='ocr_line' id='line_1_24' title="bbox 117 2295 1249 2382; baseline 0.005 -26"><span class='ocrx_word' id='word_1_212' title='bbox 117 2295 261 2357; x_wconf 75' lang='lat' dir='ltr'><strong>Christum</strong></span> <span class='ocrx_word' id='word_1_213' title='bbox 282 2299 378 2358; x_wconf 80' lang='lat' dir='ltr'><strong>vocari</strong></span> <span class='ocrx_word' id='word_1_214' title='bbox 397 2299 516 2359; x_wconf 92' lang='lat' dir='ltr'><strong>liberum</strong></span> <span class='ocrx_word' id='word_1_215' title='bbox 537 2301 610 2358; x_wconf 86' lang='lat' dir='ltr'><strong>later</strong></span> <span class='ocrx_word' id='word_1_216' title='bbox 628 2307 771 2372; x_wconf 89' lang='lat' dir='ltr'><strong>mortuos,</strong></span> <span class='ocrx_word' id='word_1_217' title='bbox 797 2300 863 2378; x_wconf 89' lang='lat' dir='ltr'><strong>quia</strong></span> <span class='ocrx_word' id='word_1_218' title='bbox 887 2301 1021 2380; x_wconf 78' lang='lat' dir='ltr'><strong>singulari</strong></span> <span class='ocrx_word' id='word_1_219' title='bbox 1040 2301 1187 2382; x_wconf 79' lang='lat' dir='ltr'><strong>privilegio</strong></span> <span class='ocrx_word' id='word_1_220' title='bbox 1207 2305 1249 2362; x_wconf 83' lang='lat' dir='ltr'><strong>vi·</strong></span> 
     </span>
     <span class='ocr_line' id='line_1_25' title="bbox 106 2375 1282 2457; baseline 0.005 -21"><span class='ocrx_word' id='word_1_221' title='bbox 106 2378 233 2436; x_wconf 65' lang='lat' dir='ltr'><strong>storiam</strong></span> <span class='ocrx_word' id='word_1_222' title='bbox 253 2375 374 2457; x_wconf 79' lang='lat' dir='ltr'><strong>adeptus</strong></span> <span class='ocrx_word' id='word_1_223' title='bbox 393 2384 445 2452; x_wconf 85' lang='lat' dir='ltr'><strong>est,</strong></span> <span class='ocrx_word' id='word_1_224' title='bbox 465 2397 502 2437; x_wconf 88' lang='lat' dir='ltr'><strong>ne</strong></span> <span class='ocrx_word' id='word_1_225' title='bbox 516 2397 593 2437; x_wconf 85' lang='lat' dir='ltr'><strong>mora</strong></span> <span class='ocrx_word' id='word_1_226' title='bbox 611 2379 642 2438; x_wconf 89' lang='lat' dir='ltr'><strong>ia</strong></span> <span class='ocrx_word' id='word_1_227' title='bbox 662 2397 728 2438; x_wconf 89' lang='lat' dir='ltr'><strong>eum</strong></span> <span class='ocrx_word' id='word_1_228' title='bbox 748 2378 948 2438; x_wconf 85' lang='lat' dir='ltr'><strong>dominaretur.</strong></span> <span class='ocrx_word' id='word_1_229' title='bbox 978 2378 1078 2438; x_wconf 87' lang='lat' dir='ltr'><strong>Potius</strong></span> <span class='ocrx_word' id='word_1_230' title='bbox 1087 2383 1161 2441; x_wconf 89' lang='lat' dir='ltr'><strong>enim</strong></span> <span class='ocrx_word' id='word_1_231' title='bbox 1183 2379 1250 2442; x_wconf 86' lang='lat' dir='ltr'><strong>dicit</strong></span> <span class='ocrx_word' id='word_1_232' title='bbox 1275 2437 1282 2454; x_wconf 83' lang='lat'><strong>,</strong></span> 
     </span>
    </p>
   </div>
   <div class='ocr_carea' id='block_1_7' title="bbox 7 2453 1249 2540">
    <p class='ocr_par' dir='ltr' id='par_1_9' title="bbox 7 2453 1249 2540">
     <span class='ocr_line' id='line_1_26' title="bbox 7 2453 1249 2540; baseline 0.006 -27"><span class='ocrx_word' id='word_1_233' title='bbox 7 2489 8 2494; x_wconf 22' lang='grc' dir='ltr'><strong><em>κ</em></strong></span> <span class='ocrx_word' id='word_1_234' title='bbox 118 2453 261 2535; x_wconf 85' lang='lat' dir='ltr'><strong>Propheta</strong></span> <span class='ocrx_word' id='word_1_235' title='bbox 281 2475 312 2516; x_wconf 88' lang='grc' dir='ltr'><strong>ιι</strong></span> <span class='ocrx_word' id='word_1_236' title='bbox 332 2459 486 2536; x_wconf 83' lang='lat' dir='ltr'><strong>praesentis</strong></span> <span class='ocrx_word' id='word_1_237' title='bbox 505 2459 580 2517; x_wconf 85' lang='lat' dir='ltr'><strong>vitae</strong></span> <span class='ocrx_word' id='word_1_238' title='bbox 590 2457 689 2518; x_wconf 89' lang='lat' dir='ltr'><strong>militia</strong></span> <span class='ocrx_word' id='word_1_239' title='bbox 699 2457 887 2540; x_wconf 85' lang='lat' dir='ltr'><strong>personatum,</strong></span> <span class='ocrx_word' id='word_1_240' title='bbox 901 2457 1015 2517; x_wconf 74' lang='lat' dir='ltr'><strong>&#39;nullam</strong></span> <span class='ocrx_word' id='word_1_241' title='bbox 1035 2459 1130 2519; x_wconf 90' lang='lat' dir='ltr'><strong>animo</strong></span> <span class='ocrx_word' id='word_1_242' title='bbox 1150 2479 1249 2520; x_wconf 85' lang='lat' dir='ltr'><strong>curam</strong></span> 
     </span>
    </p>
   </div>
   <div class='ocr_carea' id='block_1_8' title="bbox 112 2535 1251 3968">
    <p class='ocr_par' dir='ltr' id='par_1_10' title="bbox 112 2535 1251 3968">
     <span class='ocr_line' id='line_1_27' title="bbox 115 2535 1250 2615; baseline 0.003 -21"><span class='ocrx_word' id='word_1_243' title='bbox 115 2535 237 2614; x_wconf 85' lang='lat' dir='ltr'><strong>amplius</strong></span> <span class='ocrx_word' id='word_1_244' title='bbox 260 2537 419 2615; x_wconf 79' lang='grc' dir='ltr'>ιιιιιριιι,</span> <span class='ocrx_word' id='word_1_245' title='bbox 449 2537 515 2615; x_wconf 91' lang='lat' dir='ltr'><strong>quio</strong></span> <span class='ocrx_word' id='word_1_246' title='bbox 539 2555 653 2596; x_wconf 87' lang='lat' dir='ltr'><strong>sensnm</strong></span> <span class='ocrx_word' id='word_1_247' title='bbox 678 2555 793 2598; x_wconf 87' lang='lat' dir='ltr'><strong>omnem</strong></span> <span class='ocrx_word' id='word_1_248' title='bbox 818 2536 893 2594; x_wconf 86' lang='lat' dir='ltr'><strong>mala</strong></span> <span class='ocrx_word' id='word_1_249' title='bbox 918 2536 1094 2596; x_wconf 82' lang='lat' dir='ltr'><strong>abstulerint.</strong></span> <span class='ocrx_word' id='word_1_250' title='bbox 1138 2535 1250 2598; x_wconf 86' lang='lat' dir='ltr'><strong>Deinde</strong></span> 
     </span>
     <span class='ocr_line' id='line_1_28' title="bbox 114 2613 1250 2697; baseline 0.002 -23"><span class='ocrx_word' id='word_1_251' title='bbox 114 2615 275 2675; x_wconf 69' lang='lat' dir='ltr'><strong>emmas</strong></span> <span class='ocrx_word' id='word_1_252' title='bbox 298 2633 331 2673; x_wconf 88' lang='lat' dir='ltr'><strong>se</strong></span> <span class='ocrx_word' id='word_1_253' title='bbox 354 2633 531 2697; x_wconf 76' lang='lat' dir='ltr'><strong>comparans,</strong></span> <span class='ocrx_word' id='word_1_254' title='bbox 555 2618 635 2695; x_wconf 88' lang='lat' dir='ltr'><strong>peius</strong></span> <span class='ocrx_word' id='word_1_255' title='bbox 659 2635 756 2676; x_wconf 84' lang='lat' dir='ltr'><strong>seeum</strong></span> <span class='ocrx_word' id='word_1_256' title='bbox 781 2615 826 2696; x_wconf 82' lang='lat' dir='ltr'><strong>agi</strong></span> <span class='ocrx_word' id='word_1_257' title='bbox 847 2613 990 2696; x_wconf 87' lang='lat' dir='ltr'><strong>deplorat,</strong></span> <span class='ocrx_word' id='word_1_258' title='bbox 1014 2617 1145 2695; x_wconf 86' lang='lat' dir='ltr'><strong>quamsi</strong></span> <span class='ocrx_word' id='word_1_259' title='bbox 1165 2619 1250 2676; x_wconf 91' lang='lat' dir='ltr'><strong>malis</strong></span> 
     </span>
     <span class='ocr_line' id='line_1_29' title="bbox 113 2693 1249 2774; baseline 0.004 -22"><span class='ocrx_word' id='word_1_260' title='bbox 113 2693 283 2766; x_wconf 86' lang='lat' dir='ltr'><strong>debilitatus,</strong></span> <span class='ocrx_word' id='word_1_261' title='bbox 302 2694 437 2774; x_wconf 86' lang='lat' dir='ltr'><strong>paulatim</strong></span> <span class='ocrx_word' id='word_1_262' title='bbox 458 2695 501 2754; x_wconf 83' lang='lat' dir='ltr'><strong>ad·</strong></span> <span class='ocrx_word' id='word_1_263' title='bbox 513 2701 636 2756; x_wconf 91' lang='lat' dir='ltr'><strong>mortem</strong></span> <span class='ocrx_word' id='word_1_264' title='bbox 651 2694 846 2755; x_wconf 79' lang='lat' dir='ltr'><strong>deseenderetr</strong></span> <span class='ocrx_word' id='word_1_265' title='bbox 866 2697 932 2774; x_wconf 86' lang='lat' dir='ltr'><strong>quia</strong></span> <span class='ocrx_word' id='word_1_266' title='bbox 951 2694 1106 2755; x_wconf 84' lang='lat' dir='ltr'><strong>violentam</strong></span> <span class='ocrx_word' id='word_1_267' title='bbox 1126 2704 1249 2756; x_wconf 87' lang='lat' dir='ltr'><strong>mortem</strong></span> 
     </span>
     <span class='ocr_line' id='line_1_30' title="bbox 112 2771 1250 2854; baseline 0.004 -22"><span class='ocrx_word' id='word_1_268' title='bbox 112 2771 279 2832; x_wconf 86' lang='lat' dir='ltr'><strong>naturaliter</strong></span> <span class='ocrx_word' id='word_1_269' title='bbox 302 2775 392 2852; x_wconf 89' lang='lat' dir='ltr'><strong>magis</strong></span> <span class='ocrx_word' id='word_1_270' title='bbox 416 2773 572 2834; x_wconf 84' lang='lat' dir='ltr'><strong>horremus.</strong></span> <span class='ocrx_word' id='word_1_271' title='bbox 612 2773 721 2834; x_wconf 90' lang='lat' dir='ltr'><strong>Durius</strong></span> <span class='ocrx_word' id='word_1_272' title='bbox 744 2775 774 2834; x_wconf 91' lang='lat' dir='ltr'><strong>iu</strong></span> <span class='ocrx_word' id='word_1_273' title='bbox 799 2775 922 2854; x_wconf 84' lang='lat' dir='ltr'><strong>speeiem</strong></span> <span class='ocrx_word' id='word_1_274' title='bbox 948 2774 1090 2854; x_wconf 86' lang='lat' dir='ltr'><strong>estquod</strong></span> <span class='ocrx_word' id='word_1_275' title='bbox 1110 2775 1198 2850; x_wconf 86' lang='lat' dir='ltr'><strong>addit,</strong></span> <span class='ocrx_word' id='word_1_276' title='bbox 1218 2793 1250 2836; x_wconf 85' lang='lat' dir='ltr'><strong>se</strong></span> 
     </span>
     <span class='ocr_line' id='line_1_31' title="bbox 114 2853 1249 2930; baseline 0.001 -18"><span class='ocrx_word' id='word_1_277' title='bbox 114 2853 254 2912; x_wconf 69' lang='lat' dir='ltr'><strong>odhuiout</strong></span> <span class='ocrx_word' id='word_1_278' title='bbox 271 2855 415 2913; x_wconf 80' lang='lat' dir='ltr'><strong>traditum</strong></span> <span class='ocrx_word' id='word_1_279' title='bbox 434 2875 494 2914; x_wconf 81' lang='lat' dir='ltr'><strong>rore</strong></span> <span class='ocrx_word' id='word_1_280' title='bbox 512 2877 533 2913; x_wconf 90' lang='lat' dir='ltr'><strong>u</strong></span> <span class='ocrx_word' id='word_1_281' title='bbox 553 2855 629 2930; x_wconf 86' lang='lat' dir='ltr'><strong>Deo,</strong></span> <span class='ocrx_word' id='word_1_282' title='bbox 649 2864 676 2914; x_wconf 85' lang='lat' dir='ltr'><strong>st</strong></span> <span class='ocrx_word' id='word_1_283' title='bbox 695 2855 854 2914; x_wconf 72' lang='grc' dir='ltr'>ιόιιιιιιιιιι</span> <span class='ocrx_word' id='word_1_284' title='bbox 873 2855 910 2914; x_wconf 80' lang='lat' dir='ltr'><strong>ud</strong></span> <span class='ocrx_word' id='word_1_285' title='bbox 928 2863 991 2913; x_wconf 82' lang='lat' dir='ltr'><strong>eiua</strong></span> <span class='ocrx_word' id='word_1_286' title='bbox 1010 2877 1111 2929; x_wconf 78' lang='lat' dir='ltr'><strong>mnu,</strong></span> <span class='ocrx_word' id='word_1_287' title='bbox 1131 2853 1179 2913; x_wconf 82' lang='lat' dir='ltr'><strong>rel</strong></span> <span class='ocrx_word' id='word_1_288' title='bbox 1198 2873 1249 2913; x_wconf 89' lang='lat' dir='ltr'><strong>ou-</strong></span> 
     </span>
     <span class='ocr_line' id='line_1_32' title="bbox 115 2931 1250 3012; baseline 0.005 -22"><span class='ocrx_word' id='word_1_289' title='bbox 115 2931 222 2991; x_wconf 78' lang='lat' dir='ltr'><strong>atodiaa</strong></span> <span class='ocrx_word' id='word_1_290' title='bbox 242 2949 332 3012; x_wconf 81' lang='lat' dir='ltr'><strong>quarn</strong></span> <span class='ocrx_word' id='word_1_291' title='bbox 352 2934 526 3004; x_wconf 72' lang='lat' dir='ltr'><strong>aertumsit,</strong></span> <span class='ocrx_word' id='word_1_292' title='bbox 545 2941 675 2993; x_wconf 89' lang='lat' dir='ltr'><strong>mortuos</strong></span> <span class='ocrx_word' id='word_1_293' title='bbox 694 2953 751 2994; x_wconf 93' lang='lat' dir='ltr'><strong>non</strong></span> <span class='ocrx_word' id='word_1_294' title='bbox 773 2935 866 2992; x_wconf 87' lang='lat' dir='ltr'><strong>minua</strong></span> <span class='ocrx_word' id='word_1_295' title='bbox 881 2951 968 3012; x_wconf 88' lang='lat' dir='ltr'><strong>quam</strong></span> <span class='ocrx_word' id='word_1_296' title='bbox 984 2934 1065 3010; x_wconf 82' lang='lat' dir='ltr'><strong>viros</strong></span> <span class='ocrx_word' id='word_1_297' title='bbox 1085 2931 1138 2993; x_wconf 88' lang='lat' dir='ltr'><strong>sub</strong></span> <span class='ocrx_word' id='word_1_298' title='bbox 1158 2935 1250 2996; x_wconf 69' lang='lat' dir='ltr'><strong>torah</strong></span> 
     </span>
     <span class='ocr_line' id='line_1_33' title="bbox 114 3009 1249 3150; baseline 0.002 -80"><span class='ocrx_word' id='word_1_299' title='bbox 114 3009 171 3070; x_wconf 91' lang='lat' dir='ltr'><strong>Dei</strong></span> <span class='ocrx_word' id='word_1_300' title='bbox 191 3029 265 3071; x_wconf 86' lang='lat' dir='ltr'><strong>esse.</strong></span> <span class='ocrx_word' id='word_1_301' title='bbox 306 3010 368 3072; x_wconf 90' lang='lat' dir='ltr'><strong>lmo</strong></span> <span class='ocrx_word' id='word_1_302' title='bbox 387 3011 493 3072; x_wconf 89' lang='lat' dir='ltr'><strong>nebulo</strong></span> <span class='ocrx_word' id='word_1_303' title='bbox 512 3011 560 3072; x_wconf 92' lang='lat' dir='ltr'><strong>ille</strong></span> <span class='ocrx_word' id='word_1_304' title='bbox 578 3011 703 3086; x_wconf 88' lang='lat' dir='ltr'><strong>Balaam,</strong></span> <span class='ocrx_word' id='word_1_305' title='bbox 723 3013 769 3072; x_wconf 90' lang='lat' dir='ltr'><strong>eni</strong></span> <span class='ocrx_word' id='word_1_306' title='bbox 789 3013 971 3150; x_wconf 85' lang='lat' dir='ltr'><strong>suppositum</strong></span> <span class='ocrx_word' id='word_1_307' title='bbox 987 3017 1049 3072; x_wconf 89' lang='lat' dir='ltr'><strong>erut</strong></span> <span class='ocrx_word' id='word_1_308' title='bbox 1067 3011 1162 3072; x_wconf 83' lang='lat' dir='ltr'><strong>lucem</strong></span> <span class='ocrx_word' id='word_1_309' title='bbox 1182 3031 1249 3073; x_wconf 88' lang='lat' dir='ltr'><strong>eon·</strong></span> 
     </span>
     <span class='ocr_line' id='line_1_34' title="bbox 115 3089 1248 3166; baseline 0.002 -16"><span class='ocrx_word' id='word_1_310' title='bbox 115 3098 228 3150; x_wconf 83' lang='lat' dir='ltr'><strong>vertera</strong></span> <span class='ocrx_word' id='word_1_311' title='bbox 246 3091 277 3150; x_wconf 90' lang='lat' dir='ltr'><strong>iu</strong></span> <span class='ocrx_word' id='word_1_312' title='bbox 296 3090 435 3166; x_wconf 86' lang='lat' dir='ltr'><strong>tenebras,</strong></span> <span class='ocrx_word' id='word_1_313' title='bbox 456 3098 573 3150; x_wconf 81' lang='lat' dir='ltr'><strong>coaetus</strong></span> <span class='ocrx_word' id='word_1_314' title='bbox 598 3099 694 3152; x_wconf 80' lang='lat' dir='ltr'><strong>tanum</strong></span> <span class='ocrx_word' id='word_1_315' title='bbox 721 3091 777 3151; x_wconf 86' lang='lat' dir='ltr'><strong>luit</strong></span> <span class='ocrx_word' id='word_1_316' title='bbox 794 3111 848 3152; x_wconf 78' lang='lat' dir='ltr'><strong>ese</strong></span> <span class='ocrx_word' id='word_1_317' title='bbox 860 3109 971 3165; x_wconf 86' lang='lat' dir='ltr'><strong>amaro,</strong></span> <span class='ocrx_word' id='word_1_318' title='bbox 992 3089 1130 3152; x_wconf 84' lang='lat' dir='ltr'><strong>Moriatur</strong></span> <span class='ocrx_word' id='word_1_319' title='bbox 1155 3095 1248 3152; x_wconf 87' lang='lat' dir='ltr'><strong>anima</strong></span> 
     </span>
     <span class='ocr_line' id='line_1_35' title="bbox 115 3169 1251 3252; baseline 0.001 -22"><span class='ocrx_word' id='word_1_320' title='bbox 115 3176 293 3231; x_wconf 79' lang='lat' dir='ltr'><strong>meamorte</strong></span> <span class='ocrx_word' id='word_1_321' title='bbox 312 3171 461 3232; x_wconf 88' lang='lat' dir='ltr'><strong>iustorum.</strong></span> <span class='ocrx_word' id='word_1_322' title='bbox 502 3169 587 3230; x_wconf 91' lang='lat' dir='ltr'><strong>Num.</strong></span> <span class='ocrx_word' id='word_1_323' title='bbox 608 3174 701 3252; x_wconf 88' lang='lat' dir='ltr'><strong>eapite</strong></span> <span class='ocrx_word' id='word_1_324' title='bbox 720 3174 768 3244; x_wconf 77' lang='lat'><strong>23,</strong></span> <span class='ocrx_word' id='word_1_325' title='bbox 789 3189 874 3231; x_wconf 82' lang='lat' dir='ltr'><strong>versu</strong></span> <span class='ocrx_word' id='word_1_326' title='bbox 894 3175 942 3234; x_wconf 88' lang='lat'><strong>10.</strong></span> <span class='ocrx_word' id='word_1_327' title='bbox 973 3169 1071 3250; x_wconf 83' lang='lat' dir='ltr'><strong>ltaque</strong></span> <span class='ocrx_word' id='word_1_328' title='bbox 1091 3179 1187 3251; x_wconf 88' lang='lat' dir='ltr'><strong>posset</strong></span> <span class='ocrx_word' id='word_1_329' title='bbox 1207 3175 1251 3231; x_wconf 88' lang='lat' dir='ltr'><strong>vi·</strong></span> 
     </span>
     <span class='ocr_line' id='line_1_36' title="bbox 115 3249 1250 3346; baseline 0.003 -38"><span class='ocrx_word' id='word_1_330' title='bbox 115 3249 176 3308; x_wconf 88' lang='lat' dir='ltr'><strong>deri</strong></span> <span class='ocrx_word' id='word_1_331' title='bbox 195 3249 335 3309; x_wconf 86' lang='lat' dir='ltr'><strong>sententia</strong></span> <span class='ocrx_word' id='word_1_332' title='bbox 355 3249 426 3310; x_wconf 85' lang='lat' dir='ltr'><strong>haee</strong></span> <span class='ocrx_word' id='word_1_333' title='bbox 444 3249 555 3346; x_wconf 82' lang='lat' dir='ltr'><strong>profani</strong></span> <span class='ocrx_word' id='word_1_334' title='bbox 575 3249 706 3322; x_wconf 86' lang='lat' dir='ltr'><strong>bominis,</strong></span> <span class='ocrx_word' id='word_1_335' title='bbox 725 3249 822 3310; x_wconf 91' lang='lat' dir='ltr'><strong>Deum</strong></span> <span class='ocrx_word' id='word_1_336' title='bbox 840 3269 899 3310; x_wconf 88' lang='lat' dir='ltr'><strong>non</strong></span> <span class='ocrx_word' id='word_1_337' title='bbox 919 3267 980 3309; x_wconf 85' lang='lat' dir='ltr'><strong>essa</strong></span> <span class='ocrx_word' id='word_1_338' title='bbox 1000 3251 1123 3330; x_wconf 84' lang='lat' dir='ltr'><strong>amplius</strong></span> <span class='ocrx_word' id='word_1_339' title='bbox 1142 3270 1250 3311; x_wconf 89' lang='lat' dir='ltr'><strong>memo·</strong></span> 
     </span>
     <span class='ocr_line' id='line_1_37' title="bbox 115 3327 1250 3410; baseline 0.002 -23"><span class='ocrx_word' id='word_1_340' title='bbox 115 3347 177 3387; x_wconf 87' lang='lat' dir='ltr'><strong>rem</strong></span> <span class='ocrx_word' id='word_1_341' title='bbox 201 3327 325 3389; x_wconf 89' lang='lat' dir='ltr'><strong>bominis</strong></span> <span class='ocrx_word' id='word_1_342' title='bbox 348 3337 462 3389; x_wconf 82' lang='lat' dir='ltr'><strong>mortus.</strong></span> <span class='ocrx_word' id='word_1_343' title='bbox 502 3329 661 3410; x_wconf 76' lang='lat' dir='ltr'><strong>Responsio</strong></span> <span class='ocrx_word' id='word_1_344' title='bbox 687 3331 747 3389; x_wconf 83' lang='lat' dir='ltr'><strong>duri</strong></span> <span class='ocrx_word' id='word_1_345' title='bbox 771 3336 879 3409; x_wconf 85' lang='lat' dir='ltr'><strong>potest,</strong></span> <span class='ocrx_word' id='word_1_346' title='bbox 908 3327 1083 3408; x_wconf 86' lang='lat' dir='ltr'><strong>Prophetam</strong></span> <span class='ocrx_word' id='word_1_347' title='bbox 1106 3349 1144 3389; x_wconf 82' lang='lat' dir='ltr'><strong>ex</strong></span> <span class='ocrx_word' id='word_1_348' title='bbox 1172 3331 1250 3410; x_wconf 85' lang='lat' dir='ltr'><strong>vulgi</strong></span> 
     </span>
     <span class='ocr_line' id='line_1_38' title="bbox 117 3406 1250 3490; baseline -0.003 -20"><span class='ocrx_word' id='word_1_349' title='bbox 117 3425 203 3470; x_wconf 77' lang='lat' dir='ltr'><strong>sensu</strong></span> <span class='ocrx_word' id='word_1_350' title='bbox 222 3407 312 3488; x_wconf 89' lang='lat' dir='ltr'><strong>loqui,</strong></span> <span class='ocrx_word' id='word_1_351' title='bbox 332 3409 414 3468; x_wconf 81' lang='lat' dir='ltr'><strong>sicuti</strong></span> <span class='ocrx_word' id='word_1_352' title='bbox 434 3409 528 3468; x_wconf 88' lang='lat' dir='ltr'><strong>etiam·</strong></span> <span class='ocrx_word' id='word_1_353' title='bbox 539 3407 696 3488; x_wconf 85' lang='lat' dir='ltr'><strong>Scriptura,</strong></span> <span class='ocrx_word' id='word_1_354' title='bbox 716 3429 804 3488; x_wconf 88' lang='lat' dir='ltr'><strong>quum</strong></span> <span class='ocrx_word' id='word_1_355' title='bbox 825 3406 860 3468; x_wconf 91' lang='lat' dir='ltr'><strong>de</strong></span> <span class='ocrx_word' id='word_1_356' title='bbox 881 3409 1059 3488; x_wconf 86' lang='lat' dir='ltr'><strong>providentia</strong></span> <span class='ocrx_word' id='word_1_357' title='bbox 1072 3406 1127 3468; x_wconf 89' lang='lat' dir='ltr'><strong>Dei</strong></span> <span class='ocrx_word' id='word_1_358' title='bbox 1138 3411 1250 3490; x_wconf 77' lang='lat' dir='ltr'><strong>agitur,</strong></span> 
     </span>
     <span class='ocr_line' id='line_1_39' title="bbox 115 3485 1250 3567; baseline -0.002 -19"><span class='ocrx_word' id='word_1_359' title='bbox 115 3487 226 3564; x_wconf 79' lang='lat' dir='ltr'><strong>stylum</strong></span> <span class='ocrx_word' id='word_1_360' title='bbox 245 3489 443 3547; x_wconf 81' lang='lat' dir='ltr'><strong>accommodat</strong></span> <span class='ocrx_word' id='word_1_361' title='bbox 461 3489 497 3548; x_wconf 85' lang='lat' dir='ltr'><strong>ad</strong></span> <span class='ocrx_word' id='word_1_362' title='bbox 517 3489 654 3548; x_wconf 86' lang='lat' dir='ltr'><strong>risibilem</strong></span> <span class='ocrx_word' id='word_1_363' title='bbox 666 3487 763 3550; x_wconf 88' lang='lat' dir='ltr'><strong>mundi</strong></span> <span class='ocrx_word' id='word_1_364' title='bbox 783 3493 897 3560; x_wconf 88' lang='lat' dir='ltr'><strong>statum,</strong></span> <span class='ocrx_word' id='word_1_365' title='bbox 918 3489 985 3567; x_wconf 86' lang='lat' dir='ltr'><strong>quia</strong></span> <span class='ocrx_word' id='word_1_366' title='bbox 1004 3487 1040 3545; x_wconf 89' lang='lat' dir='ltr'><strong>ad</strong></span> <span class='ocrx_word' id='word_1_367' title='bbox 1060 3485 1186 3548; x_wconf 86' lang='lat' dir='ltr'><strong>futuram</strong></span> <span class='ocrx_word' id='word_1_368' title='bbox 1206 3489 1250 3546; x_wconf 82' lang='lat' dir='ltr'><strong>ri-</strong></span> 
     </span>
     <span class='ocr_line' id='line_1_40' title="bbox 115 3565 1249 3647; baseline -0.002 -21"><span class='ocrx_word' id='word_1_369' title='bbox 115 3573 187 3640; x_wconf 90' lang='lat' dir='ltr'><strong>tam,</strong></span> <span class='ocrx_word' id='word_1_370' title='bbox 206 3585 280 3647; x_wconf 88' lang='lat' dir='ltr'><strong>quae</strong></span> <span class='ocrx_word' id='word_1_371' title='bbox 300 3565 536 3641; x_wconf 74' lang='lat' dir='ltr'><strong>abscondisset,</strong></span> <span class='ocrx_word' id='word_1_372' title='bbox 555 3569 665 3628; x_wconf 87' lang='lat' dir='ltr'><strong>nonnisi</strong></span> <span class='ocrx_word' id='word_1_373' title='bbox 686 3567 823 3647; x_wconf 82' lang='lat' dir='ltr'><strong>gradatim</strong></span> <span class='ocrx_word' id='word_1_374' title='bbox 843 3567 1068 3626; x_wconf 75' lang='lat' dir='ltr'><strong>conscendimus.</strong></span> <span class='ocrx_word' id='word_1_375' title='bbox 1108 3565 1249 3625; x_wconf 77' lang='lat' dir='ltr'><strong>Existimo</strong></span> 
     </span>
     <span class='ocr_line' id='line_1_41' title="bbox 114 3643 1249 3728; baseline -0.003 -22"><span class='ocrx_word' id='word_1_376' title='bbox 114 3652 213 3706; x_wconf 79' lang='lat' dir='ltr'><strong>tumen</strong></span> <span class='ocrx_word' id='word_1_377' title='bbox 232 3643 407 3726; x_wconf 86' lang='lat' dir='ltr'><strong>Prophetam</strong></span> <span class='ocrx_word' id='word_1_378' title='bbox 426 3648 514 3728; x_wconf 83' lang='lat' dir='ltr'><strong>magia</strong></span> <span class='ocrx_word' id='word_1_379' title='bbox 533 3667 572 3707; x_wconf 84' lang='lat' dir='ltr'><strong>ex</strong></span> <span class='ocrx_word' id='word_1_380' title='bbox 591 3646 755 3708; x_wconf 85' lang='lat' dir='ltr'><strong>turbulento</strong></span> <span class='ocrx_word' id='word_1_381' title='bbox 775 3645 872 3706; x_wconf 77' lang='lat' dir='ltr'><strong>afflicti</strong></span> <span class='ocrx_word' id='word_1_382' title='bbox 895 3645 1018 3705; x_wconf 89' lang='lat' dir='ltr'><strong>bominis</strong></span> <span class='ocrx_word' id='word_1_383' title='bbox 1042 3663 1128 3706; x_wconf 84' lang='lat' dir='ltr'><strong>seusu</strong></span> <span class='ocrx_word' id='word_1_384' title='bbox 1147 3645 1175 3706; x_wconf 95' lang='lat' dir='ltr'><strong>lo</strong></span> <span class='ocrx_word' id='word_1_385' title='bbox 1199 3665 1249 3704; x_wconf 89' lang='lat' dir='ltr'><strong>uu·</strong></span> 
     </span>
     <span class='ocr_line' id='line_1_42' title="bbox 115 3725 1249 3808; baseline 0.001 -26"><span class='ocrx_word' id='word_1_386' title='bbox 115 3730 178 3784; x_wconf 88' lang='lat' dir='ltr'><strong>tum</strong></span> <span class='ocrx_word' id='word_1_387' title='bbox 197 3743 268 3800; x_wconf 81' lang='lat' dir='ltr'><strong>esse,</strong></span> <span class='ocrx_word' id='word_1_388' title='bbox 298 3744 385 3805; x_wconf 84' lang='lat' dir='ltr'><strong>quarn</strong></span> <span class='ocrx_word' id='word_1_389' title='bbox 414 3727 573 3808; x_wconf 77' lang='lat' dir='ltr'><strong>respexisse</strong></span> <span class='ocrx_word' id='word_1_390' title='bbox 624 3726 671 3786; x_wconf 87' lang='lat' dir='ltr'><strong>uid</strong></span> <span class='ocrx_word' id='word_1_391' title='bbox 701 3725 789 3786; x_wconf 87' lang='lat' dir='ltr'><strong>rudes</strong></span> <span class='ocrx_word' id='word_1_392' title='bbox 814 3731 844 3785; x_wconf 87' lang='lat' dir='ltr'><strong>et</strong></span> <span class='ocrx_word' id='word_1_393' title='bbox 866 3727 990 3805; x_wconf 88' lang='lat' dir='ltr'><strong>imperiti</strong></span> <span class='ocrx_word' id='word_1_394' title='bbox 1015 3726 1148 3784; x_wconf 86' lang='lat' dir='ltr'><strong>sentiant.</strong></span> <span class='ocrx_word' id='word_1_395' title='bbox 1215 3743 1249 3782; x_wconf 88' lang='lat' dir='ltr'><strong>eo</strong></span> 
     </span>
     <span class='ocr_line' id='line_1_43' title="bbox 115 3803 1248 3887; baseline -0.004 -23"><span class='ocrx_word' id='word_1_396' title='bbox 115 3804 220 3866; x_wconf 84' lang='lat' dir='ltr'><strong>mirum</strong></span> <span class='ocrx_word' id='word_1_397' title='bbox 240 3810 294 3876; x_wconf 85' lang='lat' dir='ltr'><strong>est,</strong></span> <span class='ocrx_word' id='word_1_398' title='bbox 315 3805 459 3866; x_wconf 87' lang='lat' dir='ltr'><strong>hominem</strong></span> <span class='ocrx_word' id='word_1_399' title='bbox 477 3805 586 3886; x_wconf 87' lang='lat' dir='ltr'><strong>Spiritu</strong></span> <span class='ocrx_word' id='word_1_400' title='bbox 653 3807 662 3865; x_wconf 94' lang='lat' dir='ltr'><strong>i</strong></span> <span class='ocrx_word' id='word_1_401' title='bbox 682 3805 851 3887; x_wconf 88' lang='lat' dir='ltr'><strong>praeditum,</strong></span> <span class='ocrx_word' id='word_1_402' title='bbox 875 3803 925 3864; x_wconf 89' lang='lat' dir='ltr'><strong>ubi</strong></span> <span class='ocrx_word' id='word_1_403' title='bbox 950 3804 1108 3884; x_wconf 85' lang='lat' dir='ltr'><strong>praevaluit</strong></span> <span class='ocrx_word' id='word_1_404' title='bbox 1126 3821 1248 3876; x_wconf 88' lang='lat' dir='ltr'><strong>moeror,</strong></span> 
     </span>
     <span class='ocr_line' id='line_1_44' title="bbox 115 3879 1250 3968; baseline -0.002 -26"><span class='ocrx_word' id='word_1_405' title='bbox 115 3885 199 3963; x_wconf 86' lang='lat' dir='ltr'><strong>quasi</strong></span> <span class='ocrx_word' id='word_1_406' title='bbox 217 3885 370 3945; x_wconf 86' lang='lat' dir='ltr'><strong>attonitum</strong></span> <span class='ocrx_word' id='word_1_407' title='bbox 389 3885 627 3947; x_wconf 81' lang='lat' dir='ltr'><strong>fuisseutvoesm</strong></span> <span class='ocrx_word' id='word_1_408' title='bbox 641 3886 958 3968; x_wconf 87' lang='lat' dir='ltr'><strong>parumoonsiderataur</strong></span> <span class='ocrx_word' id='word_1_409' title='bbox 972 3887 1120 3944; x_wconf 80' lang='lat' dir='ltr'><strong>emitteret</strong></span> <span class='ocrx_word' id='word_1_410' title='bbox 1141 3879 1250 3960; x_wconf 84' lang='lat' dir='ltr'><strong>Quaru-</strong></span> 
     </span>
    </p>
   </div>
   <div class='ocr_carea' id='block_1_9' title="bbox 12 3961 1248 4047">
    <p class='ocr_par' dir='ltr' id='par_1_11' title="bbox 12 3961 1248 4047">
     <span class='ocr_line' id='line_1_45' title="bbox 12 3961 1248 4047; baseline -0.002 -25"><span class='ocrx_word' id='word_1_411' title='bbox 12 3993 15 3996; x_wconf 96' lang='lat'>·</span> <span class='ocrx_word' id='word_1_412' title='bbox 115 3965 161 4022; x_wconf 83' lang='lat' dir='ltr'><strong>vis</strong></span> <span class='ocrx_word' id='word_1_413' title='bbox 180 3965 257 4024; x_wconf 89' lang='lat' dir='ltr'><strong>euim</strong></span> <span class='ocrx_word' id='word_1_414' title='bbox 276 3967 367 4024; x_wconf 85' lang='lat' dir='ltr'><strong>serris</strong></span> <span class='ocrx_word' id='word_1_415' title='bbox 377 3963 433 4026; x_wconf 86' lang='lat' dir='ltr'><strong>Dei</strong></span> <span class='ocrx_word' id='word_1_416' title='bbox 452 3967 482 4026; x_wconf 92' lang='lat' dir='ltr'><strong>iu</strong></span> <span class='ocrx_word' id='word_1_417' title='bbox 502 3967 619 4026; x_wconf 86' lang='lat' dir='ltr'><strong>summis</strong></span> <span class='ocrx_word' id='word_1_418' title='bbox 634 3963 890 4047; x_wconf 80' lang='lat' dir='ltr'><strong>perturbationibus</strong></span> <span class='ocrx_word' id='word_1_419' title='bbox 909 3962 980 4024; x_wconf 85' lang='lat' dir='ltr'><strong>fides</strong></span> <span class='ocrx_word' id='word_1_420' title='bbox 1000 3964 1071 4022; x_wconf 87' lang='lat' dir='ltr'><strong>bueo</strong></span> <span class='ocrx_word' id='word_1_421' title='bbox 1084 3961 1171 4021; x_wconf 83' lang='lat' dir='ltr'><strong>infixa</strong></span> <span class='ocrx_word' id='word_1_422' title='bbox 1191 3979 1248 4020; x_wconf 89' lang='lat' dir='ltr'><strong>ma-</strong></span> 
     </span>
    </p>
   </div>
   <div class='ocr_carea' id='block_1_10' title="bbox 112 4041 1250 4442">
    <p class='ocr_par' dir='ltr' id='par_1_12' title="bbox 112 4041 1250 4442">
     <span class='ocr_line' id='line_1_46' title="bbox 114 4041 1250 4126; baseline -0.004 -24"><span class='ocrx_word' id='word_1_423' title='bbox 114 4049 190 4116; x_wconf 82' lang='lat' dir='ltr'><strong>neat,</strong></span> <span class='ocrx_word' id='word_1_424' title='bbox 206 4041 278 4120; x_wconf 73' lang='lat' dir='ltr'><strong>¹Deo</strong></span> <span class='ocrx_word' id='word_1_425' title='bbox 297 4061 383 4104; x_wconf 82' lang='lat' dir='ltr'><strong>ouras</strong></span> <span class='ocrx_word' id='word_1_426' title='bbox 401 4063 464 4105; x_wconf 85' lang='lat' dir='ltr'><strong>esse</strong></span> <span class='ocrx_word' id='word_1_427' title='bbox 483 4051 542 4104; x_wconf 89' lang='lat' dir='ltr'><strong>tam</strong></span> <span class='ocrx_word' id='word_1_428' title='bbox 562 4047 645 4106; x_wconf 84' lang='lat' dir='ltr'><strong>viros</strong></span> <span class='ocrx_word' id='word_1_429' title='bbox 665 4063 751 4126; x_wconf 87' lang='lat' dir='ltr'><strong>quam</strong></span> <span class='ocrx_word' id='word_1_430' title='bbox 770 4051 914 4104; x_wconf 82' lang='lat' dir='ltr'><strong>mortuos:</strong></span> <span class='ocrx_word' id='word_1_431' title='bbox 933 4061 1018 4124; x_wconf 87' lang='lat' dir='ltr'><strong>saepe</strong></span> <span class='ocrx_word' id='word_1_432' title='bbox 1036 4050 1130 4101; x_wconf 88' lang='lat' dir='ltr'><strong>tamen</strong></span> <span class='ocrx_word' id='word_1_433' title='bbox 1149 4052 1250 4099; x_wconf 81' lang='lat' dir='ltr'><strong>eorum</strong></span> 
     </span>
     <span class='ocr_line' id='line_1_47' title="bbox 114 4117 1250 4202; baseline -0.004 -20"><span class='ocrx_word' id='word_1_434' title='bbox 114 4129 225 4183; x_wconf 84' lang='lat' dir='ltr'><strong>mentes</strong></span> <span class='ocrx_word' id='word_1_435' title='bbox 245 4121 393 4183; x_wconf 90' lang='lat' dir='ltr'><strong>obnubilat</strong></span> <span class='ocrx_word' id='word_1_436' title='bbox 413 4124 504 4198; x_wconf 89' lang='lat' dir='ltr'><strong>dolor,</strong></span> <span class='ocrx_word' id='word_1_437' title='bbox 528 4129 561 4183; x_wconf 83' lang='lat' dir='ltr'><strong>ut</strong></span> <span class='ocrx_word' id='word_1_438' title='bbox 584 4144 643 4184; x_wconf 89' lang='lat' dir='ltr'><strong>non</strong></span> <span class='ocrx_word' id='word_1_439' title='bbox 662 4130 794 4184; x_wconf 76' lang='lat' dir='ltr'><strong>oaeurrut</strong></span> <span class='ocrx_word' id='word_1_440' title='bbox 818 4125 900 4184; x_wconf 79' lang='lat' dir='ltr'><strong>imre</strong></span> <span class='ocrx_word' id='word_1_441' title='bbox 919 4123 1061 4202; x_wconf 88' lang='lat' dir='ltr'><strong>praesenti</strong></span> <span class='ocrx_word' id='word_1_442' title='bbox 1081 4117 1135 4179; x_wconf 90' lang='lat' dir='ltr'><strong>Dei</strong></span> <span class='ocrx_word' id='word_1_443' title='bbox 1155 4119 1250 4200; x_wconf 83' lang='lat' dir='ltr'><strong>prori-</strong></span> 
     </span>
     <span class='ocr_line' id='line_1_48' title="bbox 116 4198 1249 4300; baseline -0.004 -38"><span class='ocrx_word' id='word_1_444' title='bbox 116 4201 221 4263; x_wconf 84' lang='lat' dir='ltr'><strong>dentia.</strong></span> <span class='ocrx_word' id='word_1_445' title='bbox 261 4201 327 4262; x_wconf 88' lang='grc' dir='ltr'><strong>Ηοι</strong></span> <span class='ocrx_word' id='word_1_446' title='bbox 344 4204 419 4264; x_wconf 83' lang='lat' dir='ltr'><strong>inter</strong></span> <span class='ocrx_word' id='word_1_447' title='bbox 437 4203 629 4300; x_wconf 85' lang='lat' dir='ltr'><strong>querimonias</strong></span> <span class='ocrx_word' id='word_1_448' title='bbox 648 4202 698 4263; x_wconf 93' lang='lat' dir='ltr'><strong>lob</strong></span> <span class='ocrx_word' id='word_1_449' title='bbox 719 4203 831 4282; x_wconf 85' lang='lat' dir='ltr'><strong>saepius</strong></span> <span class='ocrx_word' id='word_1_450' title='bbox 846 4201 1068 4263; x_wconf 86' lang='lat' dir='ltr'><strong>animadvertere</strong></span> <span class='ocrx_word' id='word_1_451' title='bbox 1087 4198 1161 4272; x_wconf 89' lang='lat' dir='ltr'><strong>lieet,</strong></span> <span class='ocrx_word' id='word_1_452' title='bbox 1181 4198 1249 4258; x_wconf 90' lang='lat' dir='ltr'><strong>dnm</strong></span> 
     </span>
     <span class='ocr_line' id='line_1_49' title="bbox 112 4277 1246 4422; baseline -0.004 -80"><span class='ocrx_word' id='word_1_453' title='bbox 112 4283 315 4364; x_wconf 81' lang='lat' dir='ltr'><strong>praeooeupati</strong></span> <span class='ocrx_word' id='word_1_454' title='bbox 339 4291 405 4344; x_wconf 84' lang='lat' dir='ltr'><strong>sunt</strong></span> <span class='ocrx_word' id='word_1_455' title='bbox 428 4293 542 4422; x_wconf 68' lang='lat' dir='ltr'><strong>prorum</strong></span> <span class='ocrx_word' id='word_1_456' title='bbox 565 4283 652 4344; x_wconf 83' lang='lat' dir='ltr'><strong>animi</strong></span> <span class='ocrx_word' id='word_1_457' title='bbox 676 4283 803 4356; x_wconf 85' lang='lat' dir='ltr'><strong>tristitia,</strong></span> <span class='ocrx_word' id='word_1_458' title='bbox 826 4302 886 4342; x_wconf 89' lang='lat' dir='ltr'><strong>noa</strong></span> <span class='ocrx_word' id='word_1_459' title='bbox 915 4281 1011 4340; x_wconf 87' lang='lat' dir='ltr'><strong>statim</strong></span> <span class='ocrx_word' id='word_1_460' title='bbox 1034 4284 1190 4359; x_wconf 84' lang='lat' dir='ltr'><strong>&#39;penetrare</strong></span> <span class='ocrx_word' id='word_1_461' title='bbox 1210 4277 1246 4336; x_wconf 88' lang='lat' dir='ltr'><strong>ad</strong></span> 
     </span>
     <span class='ocr_line' id='line_1_50' title="bbox 115 4358 1250 4442; baseline -0.006 -20"><span class='ocrx_word' id='word_1_462' title='bbox 115 4379 250 4422; x_wconf 73' lang='lat' dir='ltr'><strong>manum</strong></span> <span class='ocrx_word' id='word_1_463' title='bbox 270 4361 327 4422; x_wconf 86' lang='lat' dir='ltr'><strong>Dei</strong></span> <span class='ocrx_word' id='word_1_464' title='bbox 346 4365 428 4442; x_wconf 82' lang='lat' dir='ltr'><strong>provi</strong></span> <span class='ocrx_word' id='word_1_465' title='bbox 449 4365 563 4438; x_wconf 85' lang='lat' dir='ltr'><strong>entium,</strong></span> <span class='ocrx_word' id='word_1_466' title='bbox 587 4381 674 4442; x_wconf 84' lang='lat' dir='ltr'><strong>quam</strong></span> <span class='ocrx_word' id='word_1_467' title='bbox 693 4369 789 4422; x_wconf 85' lang='lat' dir='ltr'><strong>tamen</strong></span> <span class='ocrx_word' id='word_1_468' title='bbox 810 4361 902 4441; x_wconf 88' lang='lat' dir='ltr'><strong>probe&#39;</strong></span> <span class='ocrx_word' id='word_1_469' title='bbox 918 4359 1043 4420; x_wconf 84' lang='lat' dir='ltr'><strong>meditati</strong></span> <span class='ocrx_word' id='word_1_470' title='bbox 1063 4364 1139 4428; x_wconf 90' lang='lat' dir='ltr'><strong>suat,</strong></span> <span class='ocrx_word' id='word_1_471' title='bbox 1159 4365 1188 4418; x_wconf 89' lang='lat' dir='ltr'><strong>et</strong></span> <span class='ocrx_word' id='word_1_472' title='bbox 1208 4358 1250 4416; x_wconf 85' lang='lat' dir='ltr'><strong>in·</strong></span> 
     </span>
    </p>
   </div>
   <div class='ocr_carea' id='block_1_11' title="bbox 115 4429 1252 4582">
    <p class='ocr_par' dir='ltr' id='par_1_13' title="bbox 115 4429 1252 4582">
     <span class='ocr_line' id='line_1_51' title="bbox 115 4429 1252 4582; baseline -0.006 -81"><span class='ocrx_word' id='word_1_473' title='bbox 115 4441 303 4522; x_wconf 78' lang='lat' dir='ltr'><strong>sculptam-in</strong></span> <span class='ocrx_word' id='word_1_474' title='bbox 323 4442 456 4502; x_wconf 81' lang='lat' dir='ltr'><strong>cordibus</strong></span> <span class='ocrx_word' id='word_1_475' title='bbox 475 4444 534 4503; x_wconf 86' lang='lat' dir='ltr'><strong>suia</strong></span> <span class='ocrx_word' id='word_1_476' title='bbox 553 4447 672 4524; x_wconf 86' lang='lat' dir='ltr'><strong>gestant.</strong></span> <span class='ocrx_word' id='word_1_477' title='bbox 693 4429 769 4522; x_wconf 84' lang='lat' dir='ltr'><strong>Ergo</strong></span> <span class='ocrx_word' id='word_1_478' title='bbox 779 4439 937 4582; x_wconf 64' lang='lat' dir='ltr'><strong>Prophetssa²</strong></span> <span class='ocrx_word' id='word_1_479' title='bbox 953 4437 1083 4518; x_wconf 78' lang='lat' dir='ltr'><strong>quamuis</strong></span> <span class='ocrx_word' id='word_1_480' title='bbox 1101 4454 1252 4518; x_wconf 86' lang='lat' dir='ltr'><strong>persuasus</strong></span> 
     </span>
    </p>
   </div>
   <div class='ocr_carea' id='block_1_12' title="bbox 0 0 1443 4888">
    <p class='ocr_par' dir='ltr' id='par_1_14' title="bbox 0 0 1443 4888">
     <span class='ocr_line' id='line_1_52' title="bbox 0 0 1443 4888; baseline 0 0"><span class='ocrx_word' id='word_1_481' title='bbox 0 0 1443 4888; x_wconf 95' lang='lat' dir='ltr'><strong> </strong></span> 
     </span>
    </p>
   </div>
  </div>
 </body>
</html>
