2862 4888
517 329 559 368 ru
588 327 702 368 rann
719 327 746 366 u.
778 327 884 376 rnxrx.
1228 330 1264 388 57

115 453 170 512 bus
190 459 290 512 autern
310 449 440 532 profanis
460 467 534 530 quac
553 456 582 510 te
595 459 739 533 spernunt,
761 451 924 532 indulgeas?
944 451 1079 534 Denique
1097 443 1260 536 significant

115 532 193 606 alibi,
218 533 289 591 satis
313 530 440 611 amplam
464 547 527 591 esso
550 527 616 592 Deo
640 533 786 591 materiam
811 533 986 592 exercendas
1009 533 1079 608 irae,
1106 536 1172 614 quia
1200 552 1259 594 non

114 613 169 672 soli
195 613 381 692 peccaverint
403 611 434 670 in
458 609 576 670 mundo.
616 607 677 670 Etsi
700 618 795 670 autern
819 617 950 671 nostrum
974 631 1033 672 uon
1061 618 1104 672 est
1123 615 1260 694 praescri·

115 691 184 752 bene
204 689 271 751 Deo
297 691 401 770 legem,
426 691 485 750 imo
509 689 558 749 lex
582 689 629 750 illa
656 689 738 750 nobis
763 691 902 770 patienter
917 691 1031 751 terenda
1052 699 1105 764 est,
1125 700 1158 751 ut
1175 696 1260 753 casti-¹

115 773 247 848 gationes
270 771 450 851 incipiaut‘a
470 767 556 830 domo
575 771 646 844 eiua,
670 769 741 830 liaeo
765 777 861 830 tarnen
882 767 996 830 libertas
1016 772 1175 852 ignoscitur
1192 773 1259 833 fide·

114 852 201 924 tibus,
225 855 260 910 ut
286 848 433 929 postulent
456 867 515 908 non
540 849 679 910 deteriore
703 849 803 910 saltem
828 849 990 924 luccesse,
1016 870 1103 930 quam
1122 853 1258 914 increduli

112 928 211 991 ctDei
222 933 446 1010 contemptores.
485 925 650 992 Notandum
670 935 775 998 autent,
793 949 848 1010 pro
867 926 968 989 eodem
980 930 1069 1003 sumi,
1084 953 1146 991 non
1163 952 1258 1014 ogno-

112 1032 194 1070 ωσι
214 1013 324 1084 Deum,
344 1019 373 1068 et
392 1029 498 1069 noram
521 1017 584 1070 eius
601 1031 663 1072 non
681 1017 827 1070 invocare.
867 1006 997 1069 Diversis
1021 1012 1096 1070 enim
1123 1011 1259 1092 loquendi

112 1089 216 1148 turmis
242 1086 383 1170 sigrniicat
407 1086 566 1168 Propheta,
591 1089 645 1148 nisi
671 1089 821 1170 praecedat
846 1087 902 1148 Dei
926 1088 1064 1170 cognitio,
1088 1103 1160 1150 uon*
1194 1109 1259 1150 osse

111 1171 212 1248 ipsum
234 1167 378 1227 invocariz
403 1167 487 1227 siemi
509 1170 597 1228 etimn
616 1166 700 1228 Rom.
726 1171 775 1242 10,
800 1169 849 1230 14.
890 1166 999 1228 Paulus
1025 1167 1117 1228 docet.
1185 1189 1259 1250 eque

115 1251 197 1307 enim
223 1265 271 1307 res
293 1247 400 1306 undere
424 1253 553 1307 nostrum
577 1254 634 1322 est,
658 1247 704 1308 'lu
728 1245 809 1314 Deus
829 1253 939 1307 uertere
964 1247 1055 1308 donee
1075 1251 1258 1308 anteverterit

112 1327 250 1398 dicendo,
300 1347 332 1386 os
358 1327 428 1385 estis
452 1325 576 1407 populns
601 1347 690 1400 meus,
711 1324 808 1406 Ossae
823 1329 921 1398 2¹23.
941 1327 994 1388 sed
1011 1345 1045 1386 os
1064 1327 1147 1386 uobis
1166 1329 1257 1408 aperit

114 1407 184 1466 dum
206 1407 244 1466 ad
265 1407 430 1466 reinvitat.
470 1403 531 1466 Etsi
550 1413 647 1467 antem
670 1407 813 1488 invocatio
838 1408 960 1466 nominis
980 1403 1036 1466 Dei
1063 1403 1121 1466 non
1141 1409 1258 1468 restrin-

113 1489 191 1566 gitur
211 1485 251 1545 ad
271 1485 346 1546 solas
366 1504 466 1565 preces
485 1486 565 1568 (quia
584 1505 669 1568 saepe
688 1487 856 1548 tantundem
876 1487 953 1546 valet
971 1505 1007 1546 ac
1026 1485 1115 1546 Gallis
1138 1486 1256 1547 verbum

113 1567 289 1644 Reclumer)
308 1585 420 1626 summa
440 1571 534 1627 tamen
555 1561 712 1637 haeredit,
731 1565 852 1626 nieiDei
872 1567 972 1626 notitia
992 1586 1044 1626 noa
1065 1565 1117 1626 diri
1138 1566 1176 1640 at,
1197 1586 1254 1624 non

114 1665 201 1726 posse
222 1665 278 1704 nos
297 1645 408 1705 ducere
427 1645 554 1726 proiiteri
573 1665 671 1706 veram
690 1646 833 1728 pietatem.
872 1643 954 1705 'l’unc
973 1645 1078 1726 passim
1098 1587 1255 1726 gloriaban-
1294 1683 1296 1691 ·

116 1733 164 1784 tur
247 1734 291 1784 tes
316 1744 349 1784 se
369 1723 463 1785 llenrn
485 1725 594 1786 colere:
618 1726 670 1786 sod
693 1724 762 1806 quia
787 1725 875 1786 verbo
900 1724 1133 1797 destituebantur,
1150 1744 1187 1786 ac
1205 1744 1256 1787 aaa

115 1807 171 1866 illis
189 1745 332 1888 {guenta
351 1809 381 1866 et
399 1805 487 1866 salsae
501 1807 716 1886 imaginationes
726 1797 783 1867 Dei
801 1806 867 1866 ioco
887 1809 976 1878 erant,
996 1803 1184 1882 abominabile
1203 1803 1257 1868 tuit

114 1883 683 2044 titttitttttitttltiiit
699 1883 836 2024 ltin
855 1885 1257 2046 ilialili'lliisstllil

115 2044 165 2102 sed
185 2043 406 2122 ἰωιὸἰωήοεε
444 2009 672 2117 nullasnullas,
691 2050 803 2105 eertum
821 2047 865 2104 ml
884 2043 1027 2126 repudiari
1047 2047 1125 2124 ipsos
1144 2043 1256 2106 elisor

116 2123 185 2204 uuir
204 2123 283 2183 idola
303 2123 333 2182 iu
353 2064 526 2184 eiuseloonrn
546 2122 708 2204 subrogant.
961 2197 964 2207 .
1251 2167 1256 2182 .

197 2205 225 2264 8.
246 2203 298 2262 Ne
316 2203 488 2262 recorderis.
519 2201 698 2264 Confirmant
716 2192 813 2262 fidelos
832 2201 910 2282 quod
925 2202 1040 2262 brevius
1059 2207 1090 2264 et
1109 2201 1257 2262 obscurius

118 2281 279 2361 attigerant,
299 2281 389 2340 instas
409 2281 444 2340 dn
469 2281 527 2340 suis
546 2283 670 2363 peccatis
695 2301 801 2362 poenas
827 2283 917 2361 exigi:
942 2283 1009 2362 quia
1034 2301 1071 2340 ex
1095 2282 1256 2342 reconcilia·

118 2359 197 2419 tione
219 2361 378 2441 petendum
402 2367 463 2420 erat
487 2361 628 2421 malorum
652 2363 789 2421 levamen.
834 2359 898 2420 lloc
922 2363 998 2420 enim
1023 2361 1149 2440 primum
1174 2361 1256 2422 malis

116 2437 252 2500 omuibus
276 2438 434 2500 rernedinm
458 2447 509 2517 est,
535 2448 567 2500 ut
590 2459 644 2500 nos
663 2438 743 2500 Deus
768 2441 884 2522 recipiat
902 2440 932 2498 in
951 2440 1084 2520 patiam:
1104 2442 1172 2519 quia
1192 2441 1255 2521 ipso

114 2522 190 2578 irato
215 2519 392 2600 prosperitas
416 2521 477 2600 ipsa
504 2521 578 2580 nrale
601 2527 631 2580 et
653 2519 803 2580 infeliciter
826 2518 908 2580 nobis
928 2521 1009 2577 cedit.
1052 2523 1182 2580 Peccata
1202 2542 1256 2578 ort·

112 2607 210 2682 tipus,
229 2599 392 2696 intelligunt
412 2599 621 2696 qnidamuquae
640 2601 761 2660 admissa
780 2607 851 2696 sunt
871 2597 1041 2659 aPatribns.
1072 2596 1130 2658 Alii
1150 2607 1256 2694 autem,

112 2685 605 2839 :tttstt‘ttfftttttitt
621 2680 1256 2840 ttttrtttt.ttttcttt2tttttl

113 2838 206 2899 modo
230 2830 342 2897 reulum
367 2839 451 2896 unius
475 2845 504 2898 ot
523 2839 637 2898 alterins
661 2838 763 2920 culpae
787 2844 816 2898 et
840 2841 901 2898 eius
921 2838 1042 2898 recentis
1062 2844 1255 2917 agnoscerent,

114 2917 166 2977 sed
188 2935 220 2976 se
240 2917 351 2997 pridem
378 2918 525 2999 multiplici
544 2925 640 2990 reatu,
664 2938 698 2979 eo
721 2938 756 2978 uc
775 2923 903 2992 vetusto,
930 2935 995 2976 oum
1015 2915 1149 2976 Patribus
1168 2918 1255 2978 inisse

114 2989 282 3078 implicitos.
312 2996 353 3055 lta
374 2996 487 3077 longam
507 2999 693 3078 pertinaciam
701 2940 829 3057 latentur
847 2999 878 3056 in
897 3015 953 3076 qua
975 2995 1168 3056 obduruerant
1187 3015 1253 3056 con·

115 3085 160 3136 tre
182 3075 288 3135 Deum.
326 3074 366 3142 ,lit
388 3075 562 3158 propheticis
582 3075 822 3158 obiurgationibns
846 3077 997 3156 respondet
1017 3077 1155 3136 confessio
1176 3075 1254 3150 baec,

115 3163 241 3216 testatur
264 3156 340 3214 enim
360 3154 448 3216 Sacra
472 3156 590 3216 historia
615 3175 779 3238 suspensam
804 3155 891 3215 titisse
916 3156 993 3216 exilii
1034 3173 1144 3228 cenam,
1165 3156 1256 3215 donec

115 3243 257 3316 expertus
280 3235 382 3296 inisset
407 3234 487 3296 Dens
511 3235 693 3300 incurabilem
717 3255 778 3296 esse
807 3236 954 3295 maiitiam.
1021 3253 1054 3293 ec
1083 3237 1186 3296 mirum
1212 3239 1256 3294 est

116 3315 239 3374 Petrum
258 3314 373 3410 culpem
393 3313 465 3376 lilios
485 3316 639 3398 deprecari„
659 3337 748 3398 quum
768 3315 815 3375 lex
836 3313 1009 3394 pronuntiet,
1026 3311 1120 3372 Deum
1141 3315 1255 3374 reiicene

116 3401 235 3476 patrum
261 3394 362 3464 delicta
388 3396 417 3452 in
442 3397 532 3474 sinum
558 3396 695 3470 filiorum,
720 3403 750 3455 et
774 3395 872 3454 ulcisci
897 3400 1019 3474 peccata·
1040 3395 1069 3452 in
1093 3391 1206 3454 tertiam
1226 3401 1255 3452 et

117 3481 252 3554 quartam
276 3477 493 3556 generationem.
534 3473 665 3549 Notauda
690 3483 785 3535 autern
810 3481 854 3534 est
878 3473 1024 3533 antithesis
1042 3473 1116 3532 inter
1135 3472 1255 3533 verbum

113 3555 284 3650 seetbmpdt
308 3563 334 3614 et
360 3564 473 3615 ennato
491 3566 634 3636 peccota:
658 3556 724 3634 qnia
749 3555 773 3613 si
797 3554 833 3614 ad
857 3553 1011 3648 caleulum·
1024 3559 1154 3649 vocasset
1173 3551 1255 3612 Deus

117 3631 696 3792 trittlttttt‘lttttttttlt
709 3633 1068 3792 tristitiis
1086 3633 1254 3770 iiiiii}
1319 3749 1321 3762 .

117 3792 261 3874 prioribus
282 3793 408 3866 ailensis,
426 3794 461 3852 ad
482 3813 499 3852 o
536 3792 730 3854 miscendam
750 3794 869 3852 festinet.
896 3791 955 3850 laur
975 3793 1041 3873 quia
1061 3791 1090 3850 iu
1100 3791 1169 3871 ipsis
1188 3809 1251 3870 peo-

116 3875 188 3932 catis
211 3878 274 3932 erat
298 3889 410 3930 remora
434 3878 463 3931 et
482 3892 499 3931 o
521 3873 670 3947 staoulurn,
694 3893 752 3933 non
773 3872 877 3932 frustra
896 3871 1014 3946 addunt,
1039 3875 1072 3930 ui
1092 3873 1151 3931 Dei
1168 3877 1253 3929 mise-

106 3953 267 4015 .ricordr‘oe
285 3953 416 4011 celeriter
434 3962 602 4012 occanum.
631 3983 633 3988 ·
736 4025 738 4034 γ

197 4035 226 4094 9.
246 4035 396 4093 Sucoarrrc
413 4033 505 4092 nobs.
536 4030 642 4110 lterum
661 4035 793 4112 repetunt
810 4030 867 4090 hoc
885 4049 970 4092 versu
989 4029 1096 4102 fideles,
1116 4027 1251 4110 quicquid

115 4109 306 4172 afflictionum
330 4113 483 4184 sustinent,
511 4113 661 4190 provenire
686 4131 724 4170 ex
748 4112 789 4170 ira
814 4109 886 4186 Dei,
916 4129 968 4170 nec
993 4109 1070 4168 abad
1089 4127 1152 4167 esse
1171 4109 1251 4167 malis

116 4192 261 4265 solatium,
280 4189 335 4249 nisi
356 4195 390 4249 ut
408 4188 503 4250 Deum
523 4189 576 4249 sibi
595 4191 758 4270 propitiebt.
788 4188 847 4248 larn
868 4191 935 4270 quia
954 4188 1172 4248 eibimnltordm
1192 4205 1249 4248 sco»

114 4271 209 4330 lerum
229 4271 339 4329 conscii
362 4275 452 4344 erant,
476 4287 556 4350 spem
581 4271 679 4329 veniae
699 4267 892 4350 impetrandae
915 4267 1086 4328 coulirmant
1105 4267 1190 4326 variis
1210 4267 1250 4326 lo·

116 4347 222 4428 quendi
243 4348 347 4408 modis.
389 4347 485 4409 Primo
504 4349 631 4408 savorem
651 4348 704 4408 sibi
723 4349 875 4408 conciliant
894 4345 1091 4426 bocepithcto‚
1112 4347 1180 4406 dnrn
1200 4365 1250 4406 ro·

116 4435 181 4490 cant
199 4432 302 4519 Deum
320 4429 427 4489 eulatia
449 4449 537 4490 succ:
561 4427 661 4502 deinde
685 4445 716 4488 ee
740 4427 810 4513 nibil
833 4445 851 4486 a
876 4425 973 4566 se5ipsis
992 4425 1094 4487 alieno
1112 4431 1252 4487 testantur
