2862 4888
493 284 727 332 rursiam
754 285 870 330 nxxsrn
1211 291 1248 348 57

103 407 342 492 haume-augo
359 426 437 490 quoe
456 410 584 491 metigd.
608 407 707 472 Manet
726 409 842 492 quidem
861 411 904 474 lra
923 411 984 473 einr
1004 419 1144 496 perpetuo
1163 435 1250 496 anper

101 488 262 570 reproboar
283 487 333 548 sed
344 485 488 570 Propheta
506 503 598 550 unum
617 508 649 550 ae
668 489 743 551 iuter
761 491 823 551 eins
842 489 916 554 lilios
935 511 1098 568 numerans,
1117 499 1147 556 et
1162 494 1250 558 verbe
1319 513 1326 526 ·

98 571 212 644 taciens
230 569 268 629 de
288 562 408 649 reliquia
427 565 566 640 fidelibus,
586 567 623 628 ah
639 568 816 651 impossibili,
835 571 938 633 meritc
952 573 1045 656 arguit
1059 574 1250 656 temporalem

101 652 173 711 iram
193 646 255 708 Dei
276 666 393 707 eorsum
412 647 624 708 misericordiae
642 667 703 709 nou
722 647 897 710 abscindere.

179 731 231 790 11.
253 729 296 790 Et
330 736 338 749 ·
365 733 372 750 ·
401 724 489 786 Varie
506 728 662 809 exponitur
680 727 728 789 hic
742 727 832 790 locun.
852 727 1109 808 Quidsmrerbum
1127 703 1246 802 ,mtm

101 807 251 869 deducunt
269 804 305 867 ab
326 808 353 873 Π
384 808 413 874 Π
434 799 519 886 quod
531 813 575 867 eet
593 806 733 883 occidere,
752 815 782 869 et
801 809 879 870 hunc
897 808 1015 871 eliciunt
1033 829 1157 886 aereum,
1176 807 1247 871 Pro-

98 886 219 970 phetam
238 885 383 947 malorum
404 886 536 968 congerie
555 885 703 962 obrutum,
728 907 788 950 uon
812 907 897 970 posse
915 888 992 949 aliod
1013 891 1132 964 sentire,
1158 908 1246 969 quam

98 985 130 1027 ee
149 967 293 1026 divim
311 965 457 1025 addictum
476 983 538 1026 ease
557 964 659 1027 ultimo
679 967 780 1029 exitio:
806 969 865 1030 acsi
889 969 1029 1030 melereto
1054 977 1129 1030 esset
1148 968 1246 1051 despe-
1294 1011 1300 1025 .

98 1047 229 1108 nonna.
250 1045 311 1106 Alii
383 1051 479 1105 rotare
494 1045 541 1105 rel
559 1043 706 1106 infirmari·
713 1053 839 1126 vertunt,
858 1048 938 1130 quod
956 1055 1001 1110 eat
1019 1050 1056 1110 ad
1075 1053 1247 1112 contextum

97 1127 184 1207 longe
210 1125 321 1206 aptius.
388 1123 497 1185 oudam
520 1131 615 1186 tamen
641 1125 676 1185 de
701 1145 787 1187 sensu
816 1129 963 1188 convenit:
994 1131 1061 1210 quia
1088 1128 1246 1192 secundum
1304 1185 1311 1194 .

137 1204 245 1266 ondam
265 1203 496 1284 interpretes,¹se
516 1203 564 1265 hic
583 1212 699 1266 accurat
717 1212 746 1266 at
766 1207 894 1286 coarguit
913 1205 1068 1289 Propheta,
1086 1207 1165 1288 quod
1185 1215 1246 1279 tam
1285 1217 1293 1234 ‘
1420 1187 1421 1218 r

115 1285 183 1346 ebili
204 1301 245 1344 ac
264 1283 345 1345 molli
370 1281 458 1344 luerit
480 1284 591 1359 auimo,
616 1303 671 1345 nec
694 1302 727 1345 ae
744 1285 853 1346 vir-ilina
874 1306 912 1367 op
933 1289 1040 1348 canerit
1059 1287 1246 1348 adreoiateu-

99 1365 175 1424 dum.
218 1361 263 1423 Et
281 1361 437 1424 tolerabilia
456 1371 531 1424 esset
550 1363 622 1424 haee
641 1365 792 1425 sententia:
817 1367 885 1446 quia
905 1307 1004 1428 gancti
1024 1373 1091 1448 poet
1109 1385 1176 1426 suaa
1196 1385 1244 1426 va-

99 1443 261 1506 cllationes
278 1443 407 1504 animum
426 1443 519 1504 solent
537 1444 679 1523 colligere.
704 1441 767 1525 Ego
781 1451 877 1506 tamen
891 1445 1036 1508 diversum
1055 1465 1169 1506 seucum
1189 1466 1246 1528 po·

99 1525 154 1584 tius
178 1521 358 1604 amplector,
387 1526 420 1582 ut
444 1521 520 1583 dicat
538 1521 683 1605 Propheta
707 1523 784 1584 hunc
808 1525 940 1586 morbum
960 1545 1022 1586 ease
1040 1526 1244 1608 temporalem:

101 1609 186 1684 alque
212 1604 258 1663 ita
281 1603 370 1663 morti
394 1599 510 1682 oblique
535 1610 696 1684 comparetr
716 1604 808 1665 *sicuti
832 1603 949 1666 Psalmo
968 1609 1037 1680 118,
1057 1609 1105 1672 18.
1130 1605 1244 1683 dicitnr,

36 1738 46 1762 ,
102 1684 254 1765 contignos
274 1682 423 1764 castigavit
442 1701 489 1742 me
507 1679 665 1755 Dominus,
690 1690 721 1743 et
744 1685 830 1745 modi
855 1705 912 1747 non
932 1685 1047 1746 tradidit
1064 1705 1121 1747 me.
1159 1684 1243 1762 ltem,

101 1761 170 1824 Non
188 1763 316 1837 moriar,
341 1760 392 1821 ted
411 1760 517 1822 vivam
557 1759 623 1822 Nou
648 1761 746 1824 dubito
771 1766 781 1824 i
802 1765 858 1825 'tor
877 1765 946 1848 quin
966 1785 997 1827 se
1016 1771 1153 1827 exoneret
1172 1764 1243 1828 Pro·

102 1842 201 1925 pheta,
226 1841 413 1903 statement
434 1848 547 1924 tempus
566 1841 707 1903 duntaxat
725 1861 757 1904 aa
795 1845 871 1906 elici:
897 1845 1019 1926 ideoque
1042 1847 1183 1928 patienter
1201 1844 1243 1908 le·

102 1923 218 1996 rendam
239 1941 305 1982 esse
322 1921 542 2000 aegritudinem,
566 1923 633 2000 quia
657 1921 749 1983 letatir
778 1943 838 1985 non
867 1930 918 1985 est.
957 1923 991 1986 ln
1010 1923 1136 1986 secundo
1155 1927 1243 1988 etiam

102 2003 231 2064 membro
254 2001 426 2061 dimeutiuut
448 2002 624 2083 interpreter
669 2000 744 2063 Nam
769 2003 820 2086 qui
842 2023 959 2066 veroum
982 2004 1060 2065 hunc
1083 2011 1243 2066 contexunt

104 2079 781 2222 ttfflttt’ttttltttttal
805 2084 1186 2224 “ttltttlttttt‘
1204 2084 1242 2224 i?

108 2244 169 2301 euti
186 2241 309 2321 uanlngi
329 2259 369 2300 ex
388 2242 470 2320 aquia
488 2239 608 2301 subinde
626 2181 895 2321 emergunffi’ono
909 2184 1011 2302 vocem
1031 2243 1105 2303 hanc
1125 2206 1240 2304 horian-

107 2321 146 2381 lia
163 2339 226 2381 me
238 2322 347 2394 volunt,
366 2326 400 2380 ut
420 2319 473 2379 aihi
492 2321 522 2380 in
541 2323 708 2381 memoriam
728 2329 846 2382 revocet
863 2321 1008 2402 Propheta
1027 2341 1116 2382 annos
1136 2321 1240 2403 quibua

105 2401 258 2482 propltimu
276 2398 377 2460 Deum
395 2405 532 2480 expertus
550 2407 621 2460 erat
652 2398 769 2459 Rectius
788 2408 885 2460 tamen
904 2403 946 2460 sic
965 2401 1006 2460 int
1046 2403 1053 2418 '
1074 2404 1162 2476 lmus,
1181 2422 1240 2462 nou

103 2489 146 2542 est
163 2480 244 2576 qnod
263 2481 388 2562 teipsum
409 2479 486 2544 ultro
506 2480 591 2554 morti
616 2479 807 2561 despondeas,
833 2482 901 2561 qula
923 2486 1036 2540 uotum
1070 2481 1172 2540 shores
1196 2501 1239 2542 aa·

101 2560 185 2621 uabilr
208 2560 331 2635 morbo,
356 2560 397 2619 eic
420 2559 669 2620 euim‘restituere
692 2561 766 2620 solet
784 2557 842 2620 Dei
866 2578 967 2620 manue
992 2579 1066 2640 qnae
1089 2563 1263 2641 percussit·

100 2637 199 2723 Neque
225 2641 304 2706 minu
327 2638 449 2720 repudio
474 2659 574 2700 eorum
594 2640 762 2700 sententiam
781 2638 832 2719 qui
852 2643 951 2710 nttttt
971 2645 1085 2700 vertunt
1105 2641 1241 2700 mutatio-

98 2741 162 2798 nes,
186 2739 256 2782 nam
276 2739 368 2802 quum
388 2719 470 2790 r'liw
489 2725 601 2779 mutare
620 2720 667 2778 vel
692 2721 794 2780 iterare
819 2717 971 2808 signifipel,
998 2721 1097 2789 nillil
1117 2717 1239 2780 Hebraei

97 2809 327 2874 recantamus,
347 2817 364 2860 a
383 2797 572 2872 revolutione,
597 2799 665 2878 quia
683 2804 835 2859 vertuntur
853 2801 883 2858 in
903 2817 970 2859 suos
990 2799 1120 2858 cimolos.
1151 2797 1238 2859 Utro·

95 2883 140 2942 via
169 2888 271 2941 tamen
298 2879 387 2939 modo
412 2879 540 2960 accipere
562 2877 663 2954 libeat,
693 2878 779 2938 stabit
802 2879 851 2938 illa
876 2897 965 2959 quam
989 2879 1048 2938 dixi
1068 2877 1257 2952 consolatio·

95 2961 174 3042 quod
195 2962 307 3021 edicet
321 2957 464 3040 Propheta
484 2959 568 3018 aliam
589 2958 814 3019 videsitudiuem
829 2957 882 3017 sibi
903 2959 1080 3040 promittens,
1099 2961 1184 3020 morti
1205 2979 1237 3019 sc

92 3045 219 3103 minime
235 3040 385 3100 devoveat.
425 3034 516 3098 Paulo
540 3037 623 3098 aliter
646 3038 867 3118 interpretantur
886 3038 937 3118 qui
956 3037 1063 3118 alioqui
1083 3039 1235 3099 accedunt:

93 3123 148 3181 arai
170 3121 285 3180 diceret
304 3116 463 3198 Propheta,
482 3115 544 3178 Cur
563 3137 641 3178 nuuc
659 3119 836 3180 severitatem
855 3114 913 3176 Dei
932 3135 991 3177 nou
1011 3117 1130 3193 toleres,
1153 3120 1234 3180 cuiue

92 3199 282 3266 beneficentia
317 3200 441 3258 enadter
475 3195 597 3260 antehac
626 3203 656 3257 te
680 3197 771 3256 lavit?
800 3196 883 3256 aienti
908 3194 960 3256 lob
989 3195 1111 3272 dicebat,
1136 3202 1233 3274 2,10.

91 3279 122 3342 Si
139 3281 224 3342 boue
243 3279 402 3358 recepimus
422 3296 439 3337 e
458 3295 545 3336 manu
567 3276 635 3350 Dei,
654 3275 729 3336 mula
748 3275 833 3336 etiam
853 3295 905 3336 cur
924 3294 982 3336 nou
1002 3275 1145 3337 feremus?
1174 3276 1234 3338 Sed

91 3363 183 3442 magis
196 3357 359 3440 probabile
383 3363 429 3417 est
448 3355 622 3438 Prophetam
646 3356 788 3436 respicere
812 3356 841 3415 in
865 3353 995 3414 fcturum
1019 3361 1145 3437 tempus:
1176 3357 1234 3418 aori
1318 3385 1321 3394 v
1420 3351 1421 3400 i

92 3441 203 3502 diruet
231 3434 439 3532 exspectandos
467 3455 530 3497 ease
559 3455 648 3498 annos
671 3433 719 3498 rel
747 3433 939 3498 revolutiones
969 3434 1087 3496 dextrae
1110 3433 1234 3512 Excolat,

93 3520 188 3582 donee
206 3518 350 3600 proprtiua
369 3516 512 3598 affulgeat.

181 3674 238 3742 tt.
271 3673 473 3744 Recordabor
500 3695 634 3766 operum
655 3671 731 3744 Dei:
763 3681 847 3744 certe
872 3673 1062 3742 recordabor
1082 3671 1121 3738 ah
1143 3671 1232 3737 initio
1366 3661 1369 3673 '

89 3779 285 3850 mirabilium
311 3789 451 3848 tuomm.
497 3779 626 3878 135Et
655 3780 831 3850 meditabor
862 3779 896 3847 in
929 3780 1049 3849 cunctis
1083 3777 1232 3870 operibus

89 3888 168 3972 tuis,
191 3897 226 3955 et
245 3887 280 3954 in
301 3887 390 3955 lacha
411 3884 475 3954 tuis
497 3888 745 3958 commentabor.
791 3880 844 3956 tt.
879 3887 969 3956 Deus
991 3887 1023 3952 in
1045 3881 1232 3951 sanctuario

89 3994 160 4064 riae
181 4004 271 4061 tuae:
293 3994 366 4083 quis
388 3994 477 4062 Deus
499 4017 633 4086 magnam
656 3994 738 4061 siout
760 3991 872 4062 Deus?
888 3989 899 3998 ”
917 3991 969 4060 15.
1003 3989 1056 4056 Τιι
1078 3988 1168 4056 Deus
1190 3987 1232 4055 la-

91 4099 177 4169 u'cna
198 4097 368 4182 mirabilia,
390 4099 470 4168 scire
491 4097 591 4167 fecisti
612 4100 646 4167 in
668 4097 794 4193 populis
816 4097 913 4165 robur
934 4107 1044 4163 tuum..
1228 4101 1234 4111 '

169 4249 219 4308 12.
240 4245 444 4306 Recordabar.
464 4243 524 4304 lam
543 4243 697 4304 animosius
717 4248 816 4302 contra
835 4242 1005 4302 tentationes
1017 4239 1146 4320 exsurgit
1157 4235 1230 4299 Pro-

93 4311 185 4404 phela',
211 4343 287 4418 qnae
305 4323 366 4416 lere
386 4323 422 4383 ad
446 4312 484 4404 op
506 4323 661 4417 riprendam
687 4323 748 4416 eins
771 4321 858 4382 srdcm
882 4319 1108 4414 praevaluerant.
1155 4317 1229 4414 Napr

93 4406 248 4466 recordatio
267 4403 340 4465 haec
359 4421 479 4485 opernm
520 4421 554 4478 er,
573 4403 609 4462 ab
628 4420 663 4462 ea
683 4421 763 4467 curua
778 4407 849 4483 ⁴ante
869 4406 1006 4474 merumrt,
1028 4398 1133 4460 drllert:
1161 4419 1228 4504 quta

1318 4498 1332 4548 ι
1420 4471 1421 4478 Ν
