2874 4888
506 265 841 318 arronemxcrt.
1189 273 1244 332 153

107 401 165 464 ceh
183 399 332 474 leniendo,
355 397 435 480 qnod
454 397 539 462 nimis
558 417 684 460 messum
704 404 791 460 essem
813 397 865 458 sed
885 397 1047 460 ordinatam
1066 417 1127 460 esse
1146 405 1178 460 ut
1196 419 1244 460 ee-

105 477 233 544 lehretnr
261 479 319 540 Dei
348 499 461 540 noman.
511 477 651 540 Hortatur
677 485 773 539 antem
804 494 822 537 a
847 477 956 538 innotus
991 481 1060 558 qnia
1089 480 1160 539 nihil
1189 499 1243 540 nos
1303 531 1305 536 .

105 563 203 622 aerior
226 559 411 620 adoliicium
431 559 572 633 rhmulet,
596 575 682 639 qnam
703 556 751 618 uhi
776 557 882 616 snmus
907 577 961 617 nor
986 577 1103 638 operam
1124 558 1182 620 non
1200 561 1243 620 ln·

105 641 190 716 dere,
216 639 267 700 sed
284 638 408 720 ,probari
427 636 493 698 Deo
518 637 597 716 qood
621 655 638 696 s
658 639 741 698 'mun
780 635 920 698 Proximo
943 655 1033 698 versu
1048 642 1194 700 materiam
1215 645 1245 700 ct

105 726 310 799 argumentum
334 719 460 798 suggerit
483 716 617 778 huonon
666 717 707 776 eis
730 718 788 778 acsi
801 715 929 790 diceret,
951 717 1032 778 nolle
1049 716 1146 780 Deum
1170 719 1243 780 cele·

104 799 185 859 brari
208 817 316 859 nomen
339 817 423 858 snum
447 795 566 856 anobis
585 797 622 856 de
645 796 750 864 nihilo,
774 796 822 856 vel
846 795 884 856 oh
908 797 1006 858 solano
1022 799 1246 878 magnitudinem

105 885 138 939 et
163 881 336 958 potentiam,
359 877 410 937 sed
435 875 472 936 oh
496 877 654 936 donttmem
663 873 699 937 'et
710 877 821 956 sodes,
845 895 967 956 quornm
988 896 1086 937 scnsm
1111 886 1140 938 et
1159 897 1246 958 expe·

104 959 210 1019 rientia
237 957 296 1018 tale
324 957 450 1016 studiana
479 963 582 1036 sponte
610 957 764 1016 accendere
793 958 823 1015 in
849 957 982 1017 cordibus
1005 959 1110 1018 nostris
1134 958 1245 1017 debent.

106 1035 225 1115 Quibus
237 1035 332 1098 verbis
346 1035 430 1097 docet
443 1036 503 1099 don
522 1034 737 1115 m'ododignnm
746 1053 809 1096 esse
819 1036 869 1115 qni
884 1035 1027 1108 laudetur,
1047 1037 1098 1096 scd
1114 1055 1169 1100 nos
1185 1055 1245 1096 ma·
1301 1111 1304 1124 γ

105 1119 126 1176 li
169 1137 203 1177 os
228 1136 291 1178 esse
313 1121 344 1176 et
366 1116 494 1196 ingratos
516 1116 543 1174 si
566 1133 712 1176 cessamus
735 1117 765 1174 in
784 1114 840 1176 hac
858 1123 947 1196 parte.
986 1111 1060 1176 Nam
1080 1135 1171 1197 quum
1190 1114 1248 1176 Dei

105 1137 182 1256 nih
206 1203 237 1256 et
260 1195 373 1256 bonitas
391 1196 429 1256 ad
447 1213 501 1255 nos
519 1197 636 1276 proprie
654 1195 824 1274 dirigantur,
848 1196 905 1256 nisi
923 1195 1032 1257 animos
1052 1203 1167 1256 nostros
1187 1197 1247 1256 alli·

107 1278 187 1336 ciant
216 1282 247 1336 et
275 1277 389 1355 rapiant
411 1279 442 1336 in
466 1275 528 1336 eius
551 1275 664 1348 hodes,
693 1273 893 1336 inexcusabilis
915 1283 960 1336 est
984 1283 1082 1338 nostra
1106 1277 1246 1356 segnities.

108 1355 170 1414 Sed
195 1353 276 1436 quod
300 1354 378 1416 iuhct
402 1364 579 1418 masmim
603 1355 760 1416 bonitatem
778 1377 880 1432 mone,
899 1361 929 1418 ct
946 1357 1095 1418 venitatem
1115 1358 1248 1438 sinopes

107 1447 226 1509 nomes,
245 1434 358 1496 ridetur
377 1433 500 1496 absurda
518 1453 581 1496 csse
599 1434 776 1509 distributio,
799 1453 868 1494 nam
886 1436 911 1496 si
929 1433 1012 1496 Deus
1030 1438 1169 1517 perpetuo
1188 1455 1248 1496 non

109 1523 165 1596 p'er
178 1513 329 1575 intervella
343 1513 488 1574 beneficus
507 1521 560 1588 est,
579 1533 631 1576 cur
643 1514 746 1598 exigua
762 1515 817 1575 diei
830 1516 926 1596 portio
943 1516 980 1575 ad
1000 1517 1156 1578 canendam
1174 1514 1249 1576 hanc

110 1595 252 1690 virtntcrp
276 1592 479 1656 destinabitur?
517 1593 599 1656 Idem
620 1601 651 1655 et
672 1595 709 1656 dc
732 1594 822 1656 altera
883 1601 927 1656 rts
946 1595 1001 1656 dici
1020 1601 1129 1676 potest,
1154 1615 1249 1676 neqnc

110 1674 189 1736 enim
212 1692 275 1734 cras
298 1675 404 1736 veritas
426 1679 540 1735 tantum
562 1681 651 1734 noctu
675 1681 802 1755 apparet„
870 1673 905 1735 ed
930 1675 986 1736 alio
1011 1695 1095 1737 sensu
1120 1675 1250 1756 loquitur

110 1751 273 1835 Propheta,
297 1754 323 1814 ri
345 1770 362 1815 a
382 1755 476 1834 primo
500 1772 584 1815 manc
603 1754 752 1834 incipimus
775 1751 892 1816 laudare
911 1751 1021 1829 Deum,
1044 1755 1250 1816 continuandas

112 1853 176 1894 esse
199 1835 263 1894 eius
285 1833 445 1911 londespd
465 1833 594 1896 nltimam
613 1835 704 1894 motis
723 1840 845 1914 partem:
871 1833 938 1930 spoia
956 1834 1014 1896 hoc
1032 1835 1143 1904 bonitas
1162 1837 1251 1916 ipsius

113 1921 143 1974 et
166 1913 241 1973 fides
264 1917 418 1974 merentur.
457 1911 491 1973 Si
515 1933 585 1974 vero
610 1914 722 1975 initium
741 1913 793 1974 liat
812 1913 848 1974 ab
867 1933 930 1980 esus
947 1914 1089 1988 bonitate,
1120 1917 1251 1994 proxime

113 1993 251 2054 suecedet
274 1995 388 2053 veritas.
427 1991 471 2052 lta
494 1993 647 2062 continuus
670 1994 725 2052 erit
748 1995 898 2077 utriusque
925 2001 1024 2069 tenor,
1048 1996 1132 2054 sicuti
1151 2003 1251 2054 mutua

115 2081 160 2134 est
179 2073 338 2134 consensio.
366 2070 523 2170 ‘Propheta
551 2091 621 2168 crgo
640 2072 759 2168 alternam
787 2071 823 2132 oh
839 2072 942 2133 ‘altera
966 2074 1127 2154 disiungere
1145 2075 1251 2170 poluit,

116 2153 1252 2312 tittnttttntttntilithi”tistitgtttttltztntt'itt

119 2331 260 2372 necuere
280 2311 394 2394 defungi
414 2311 509 2372 ollicm
548 2311 717 2384 ratitndiuis,
735 2311 791 2371 nisi
809 2311 838 2370 in
857 2331 893 2370 eo
913 2331 1013 2372 sumus
1032 2313 1150 2386 assidui,
1170 2314 1253 2372 sicuti

119 2394 181 2473 ipse
196 2391 354 2470 honitatem
374 2409 455 2456 susm
474 2398 505 2452 ct
522 2331 609 2452 thalem
628 2409 696 2472 erga
715 2409 769 2450 nos
788 2398 946 2471 perpetuat.
972 2390 1086 2470 Quarto
1104 2391 1252 2452 vcrsuLe·

120 2475 207 2547 vitas,
232 2471 335 2552 quibus
354 2473 513 2532 iniunctum
532 2478 594 2532 erat
614 2469 734 2532 canendi
753 2489 872 2544 munos,
898 2473 1013 2552 proprie
1032 2473 1199 2552 compellat,
1220 2477 1253 2534 ut

117 2555 227 2614 musica
251 2553 337 2619 ctiam
360 2553 548 2613 instrumento
571 2549 736 2611 adhibeant:
759 2570 819 2610 non
844 2551 910 2630 quia
930 2569 982 2631 per
1000 2571 1031 2612 se
1050 2550 1107 2612 hoc
1124 2569 1253 2612 neccssa-

41 2689 42 2692 ,
117 2635 195 2693 rium
220 2631 310 2706 toret,
334 2632 384 2694 sed
408 2632 476 2711 quir
501 2629 571 2692 utile
594 2637 656 2691 erat
674 2630 866 2691 rudimentum
885 2633 975 2693 veteri
994 2632 1113 2712 populo.
1153 2629 1254 2710 Neque

117 2714 196 2774 euim
215 2712 352 2772 citharam
372 2711 480 2791 pnlseri
498 2711 590 2772 voluit
608 2709 703 2784 Deus,
728 2713 787 2772 acsi
807 2730 887 2770 nrore
906 2708 1056 2772 hominnm
1075 2713 1254 2792 voluptatem

117 2798 235 2872 caperet
253 2811 291 2850 ex
310 2791 445 2866 melodia:
463 2790 514 2850 sed
533 2792 600 2871 quia
619 2791 754 2852 nondum«
766 2791 921 2852 advenerat
935 2799 1063 2855 maturae
1074 2795 1254 2852 aetatistem·

117 2891 191 2953 pus,
217 2869 336 2945 ludaeos
360 2871 414 2932 sub
439 2869 495 2930 illis
519 2869 675 2951 puerilibus
698 2871 844 2931 elementis
870 2873 1021 2932 continuit.
1061 2869 1137 2932 Finis
1156 2865 1255 2931 numm

118 2959 192 3026 erat,
213 2958 246 3010 nt
264 2971 386 3012 excusso
404 2957 451 3010 tor
472 2970 530 3026 ore,
548 2951 670 3011 alacrius
690 2970 721 3011 se
740 2952 920 3032 accingerent
939 2953 974 3012 ad
986 2949 1081 3011 Deum
1102 2971 1139 3012 ex
1158 2943 1273 3012 animo¹

118 3031 306 3092 laudandum.
345 2971 511 3092 Tenendhm
531 3031 607 3090 enim
626 3037 684 3105 est,
709 3031 818 3091 cultum
840 3030 896 3090 Dei
920 3051 1066 3111 nunquam
1087 3031 1117 3091 in
1136 3032 1193 3091 illis
1212 3051 1254 3091 re·

119 3113 177 3172 bus
195 3113 323 3172 externis
342 3111 430 3177 inisse
448 3113 555 3184 sitnm,
573 3109 624 3172 sed
643 3110 728 3171 rudes
747 3117 776 3170 ct
795 3110 924 3172 infirmos
942 3111 1119 3172 adminiculis
1138 3113 1200 3172 istis
1219 3111 1257 3172 ad

119 3190 849 3350 {Pollii-iiiii?hildilid
873 3189 1264 3350 ,iffitttlttnlt

120 3349 251 3412 Ecclesia
274 3352 332 3410 iam
351 3349 523 3424 adoleverit,
541 3347 687 3428 Evangelii
707 3350 800 3410 lucem
820 3350 963 3410 suffocant
1002 3352 1031 3409 hi
1050 3351 1143 3410 adhuc
1161 3349 1258 3410 Eccle-

122 3433 194 3490 siam
214 3431 365 3490 involvunt
384 3428 527 3489 veteribus
547 3428 664 3489 umbris.
704 3428 786 3489 Unde
806 3429 974 3508 colligimus,
1019 3432 1123 3508 apistas
1143 3432 1258 3492 musicis

121 3512 316 3571 instrumentis
339 3530 399 3570 non
423 3528 489 3570 esse
508 3506 624 3568 Patrum
649 3510 822 3583 imitatores,
846 3509 896 3568 aed
915 3511 1026 3582 simias,
1045 3512 1095 3590 qui
1116 3511 1259 3571 umbratili

127 3590 207 3671 begis
228 3591 318 3664 cultu,
338 3593 383 3650 cni
403 3589 489 3650 linem
509 3589 606 3648 attulit
625 3576 826 3668 Evangelinm,
847 3587 934 3649 stulte¹
953 3588 1048 3649 adhuc
1068 3590 1258 3664 oblectantur,

124 3691 181 3752 qna
208 3671 245 3730 dc
270 3673 425 3730 scitorum
445 3668 596 3730 aliisloeis
617 3667 765 3730 dicendum
786 3671 851 3728 crit.

204 3753 232 3814 5.
255 3757 335 3826 Quin
353 3737 527 3812 exhilarasti
546 3771 600 3808 me.
639 3746 745 3808 lterum
766 3749 900 3810 admonet
919 3747 1074 3830 Propheta,
1094 3751 1167 3809 diem
1187 3745 1257 3810 Soh-

124 3829 282 3902 hnthinop
301 3849 365 3890 csse
384 3831 505 3910 praescri
527 3837 589 3888 tum
610 3834 642 3887 ut
661 3829 755 3909 ignavi
777 3829 893 3889 sedeant
911 3827 1055 3902 homines,
1080 3831 1129 3889 scd
1148 3836 1181 3889 ut
1201 3831 1258 3888 col·

124 3912 214 3990 ligant
237 3929 337 3970 omncs
362 3929 430 3970 suos
456 3851 562 3968 scnhhs
580 3908 618 3968 ad
641 3909 805 3970 meditando
828 3905 885 3968 Dei
909 3929 1004 3988 opero.
1046 3909 1139 3970 Sinsul
1163 3917 1259 3968 autom

124 3989 257 4086 ostendit,
277 4008 327 4050 eos
347 3989 461 4057 demum
480 3989 622 4084 legitimos
641 3997 670 4049 ct
688 3988 805 4086 idoneos
824 3989 1012 4050 esrelandum
1026 3988 1260 4085 Dei-praecones,

124 4067 1260 4229 ttnlttthttttnt”illini'titid‘tttntttlttlit:

124 4238 175 4290 oct
194 4229 307 4290 interim
326 4225 480 4308 Propheta,
498 4228 522 4287 ri
541 4231 595 4288 rite
614 4229 800 4310 expendimus
811 4228 866 4288 Dei
886 4247 982 4309 opera,
1001 4228 1059 4288 illic
1077 4231 1262 4308 conspicuam
1300 4275 1302 4280 .

124 4329 189 4369 esse
208 4310 269 4369 cius
290 4307 445 4370 honitatem
457 4312 494 4382 ,et
512 4305 669 4382 fidem,‚de
688 4309 791 4388 quibas
809 4307 947 4388 loquutus
965 4314 1022 4368 est:
1042 4309 1109 4386 qnia
1128 4307 1195 4370 hinc
1214 4309 1262 4370 de-

124 4409 208 4450 mum
227 4387 349 4465 laetitio,
370 4387 441 4448 dnm
458 4405 489 4448 se
507 4386 590 4448 nobis
609 4383 725 4450 Patrem
745 4386 863 4450 exhibet
881 4387 971 4462 Deus,
989 4385 1100 4468 sibique
1118 4407 1213 4450 coram
1232 4396 1262 4450 ct
