2862 4888
204 243 271 310 74·
428 250 431 258 '
616 225 638 294 ¹t
673 256 913 306 cardones

200 378 312 461 perside
332 374 505 438 ‹lesciveraut
527 397 543 437 o
565 377 669 456 pietate¹
690 377 840 453 lsratilitae,
869 384 950 438 erunt
969 383 1063 438 tomen
1084 375 1177 438 adbuc
1196 377 1341 440 Ecclesiae

206 461 314 540 portio,
340 465 371 516 ut
396 457 501 516 dictum
528 457 589 516 luit.
632 455 729 535 Quare
749 458 805 519 boc
824 459 897 518 tristi
916 478 1016 518 eornm
1036 459 1168 538 exemplo
1188 479 1341 520 moriemur
1417 463 1418 472 ’

205 559 292 619 qinom
311 537 416 610 severis
436 537 535 616 poeuis
555 537 639 616 dignu
659 540 696 598 sit
715 545 812 598 nostru
831 537 1013 618 ingratitudo,
1038 540 1203 617 praesertim
1224 540 1273 600 ubi
1293 559 1340 604 ec·

205 621 278 678 cedit
304 617 495 690 contumacia,
525 622 558 676 ut
581 618 666 676 minis
691 625 722 676 et
737 616 979 756 obiurpatiouibus
998 615 1069 676 nihil
1088 615 1169 678 Deus
1188 619 1271 698 opud,
1284 640 1339 680 uos

12 751 13 786 ζ
72 742 77 750 ,
203 698 342 779 proficiat.
382 695 473 756 Simul
499 702 593 754 nutem
619 697 773 770 diseamus,
804 719 821 754 u
842 699 852 758 i
875 697 981 778 passim
1000 695 1079 756 ardel
1099 697 1140 756 ire
1160 695 1233 773 Dei,
1262 699 1339 760 inter

203 779 308 838 medius
332 783 427 839 tamen
452 775 573 836 incendii
598 777 740 850 flammas,
770 775 883 839 dolores
907 781 1019 836 nostros
1043 777 1073 834 in
1093 775 1150 836 Dei
1174 779 1268 838 sinum
1294 799 1337 838 rc-

202 857 375 936 iieero,'qui
399 853 562 917 mirabiliter
580 853 735 916 Ecclesium
760 875 840 918 suem
860 855 897 916 ab
916 857 1030 916 interitu
1050 858 1175 916 suscitat.
1214 855 1339 918 Paratus

200 938 317 1017 qttitlem
342 941 497 996 essetnec
523 934 609 996 modo
635 937 770 996 continno
796 944 896 998 tenore
921 937 1054 1015 prosequi
1080 955 1164 996 suum
1189 955 1256 1017 erge
1282 957 1338 996 uos

142 1079 143 1088 χ
201 1019 344 1089 favorem,
367 1013 417 1074 sed
441 1013 531 1094 magis
556 1033 593 1080 se
613 1017 703 1095 magis
728 1021 780 1086 nos
804 1017 994 1098 loctrpletare,
1019 1015 1071 1074 nisi
1092 1015 1219 1076 obstaret
1236 1025 1338 1086 nostra

12 1091 13 1096 ’
129 1139 131 1143 -
200 1097 338 1236 pravitas:
368 1093 417 1154 sed
441 1095 507 1232 puio
532 1093 594 1155 lieri
619 1110 677 1154 nun
702 1103 798 1175 potest
821 1097 890 1200 puin
915 1100 958 1156 tot
982 1093 1134 1154 sceleribus
1159 1105 1337 1166 succenseat,

189 1159 196 1182 ¹
222 1195 256 1236 uc
274 1163 484 1234 inaestimabile
503 1173 669 1236 clementiae
689 1181 746 1247 est,
770 1174 819 1236 ubi
845 1175 919 1256 ignis
944 1192 961 1232 a
986 1173 1069 1239 nobis,
1091 1193 1227 1236 accensus
1247 1177 1337 1257 longe
1404 1213 1407 1220 ·

199 1257 313 1333 latoque
332 1259 474 1334 grassatus
493 1261 547 1322 cst,
565 1273 601 1314 eo
621 1255 755 1315 restincto
775 1253 901 1336 aliquam
910 1251 1053 1314 Ecclesiae
1067 1262 1175 1334 portem
1188 1257 1335 1316 residuam

200 1353 322 1404 terrore,
343 1332 390 1392 vel
410 1339 442 1396 ut
461 1335 550 1413 magis
570 1335 684 1414 proprie
704 1329 815 1415 loquar,
835 1336 961 1398 excitare
976 1331 1012 1394 ab
1031 1333 1099 1413 ipsis
1120 1335 1260 1394 cineribus
1281 1357 1335 1416 po-

153 1415 297 1496 ‘polum
320 1414 369 1493 qui
389 1432 492 1472 nomen
514 1432 597 1474 suum
617 1415 739 1474 invocet.
765 1413 870 1475 lterum
890 1414 993 1494 repetit
1012 1401 1155 1493 Propheta
1175 1435 1233 1474 non
1254 1417 1282 1474 ri
1303 1423 1337 1475 et

96 1529 98 1540 .
200 1495 285 1556 armis
306 1493 439 1563 bostium,
459 1491 509 1552 sed
530 1495 721 1574 increpatione
740 1493 837 1553 vultus
857 1493 912 1552 llei
932 1491 1088 1552 Ecclesiam
1109 1493 1238 1572 periisset
1263 1499 1334 1574 quia

198 1591 345 1654 corioquam
366 1571 504 1650 spereudu
524 1579 567 1632 est
586 1592 741 1653 poenarum
762 1575 914 1654 mitigatio,
937 1573 990 1632 nisi
1010 1592 1077 1632 vere
1097 1575 1222 1651 persuasi
1242 1575 1334 1639 simus

198 1674 292 1716 mauu.
306 1650 361 1712 Dei
381 1656 454 1724 iuste
473 1651 554 1711 nobis
574 1643 669 1732 inlligi.
709 1651 748 1712 Et
766 1651 822 1712 boc
840 1652 1047 1734 resipiscentiae
1067 1651 1178 1730 signum
1197 1652 1268 1730 tuit,
1294 1654 1332 1714 ad

199 1751 315 1796 menum
335 1731 517 1812 percutientis
535 1733 685 1812 respicere,
704 1733 786 1791 sicuti
806 1730 872 1792 alibi
893 1734 1002 1793 dicitur.
1022 1729 1075 1790 les.
1096 1735 1124 1805 9,
1145 1735 1193 1794 13.

279 1813 326 1874 18.
347 1817 395 1871 sn
414 1832 521 1872 munus
539 1819 593 1871 tuo
611 1835 700 1892 anper
718 1821 823 1882 etnim.
852 1811 1048 1870 Precationcm
1073 1830 1129 1890 qiua
1150 1831 1218 1870 usus
1239 1812 1333 1874 luerat

198 1889 252 1953 sub
271 1891 360 1972 ligura
381 1890 489 1964 vineae,
508 1889 683 1972 simplicibus
699 1890 792 1950 verbio
811 1895 922 1972 repetit,
943 1897 974 1950 ut
994 1909 1080 1949 manu
1100 1891 1243 1950 scalleus
1263 1913 1332 1972 pro-
1417 1909 1418 1922 ¹

197 1978 275 2052 tegat
293 1978 391 2030 utrum
409 1971 546 2030 dexterae
564 1993 636 2032 noue
654 1975 835 2032 ntomenm
844 1973 992 2053 peremntbt
1006 1973 1164 2034 roboravit.
1185 1969 1330 2032 incertum
1417 1997 1418 2002 ¹

197 2059 241 2112 est
260 2057 365 2123 autem,
385 2050 420 2111 dc
439 2049 502 2110 solo
522 2049 609 2130 Rege,
629 2070 665 2110 an
685 2051 721 2111 de
740 2051 848 2132 populo
868 2051 930 2130 ipso
950 2050 1092 2130 loquatur.
1120 2048 1192 2110 Nam
1212 2053 1266 2110 etsi
1285 2051 1328 2110 la-

197 2131 313 2190 robeam
337 2137 443 2191 unctus
463 2129 518 2189 suit
541 2131 569 2188 in
595 2127 716 2211 Regem,
744 2151 803 2190 non
833 2137 927 2189 lamen
952 2129 1078 2208 legitimo
1104 2129 1164 2188 lure
1189 2129 1329 2192 bonorem

73 2273 75 2284 Α
197 2213 277 2272 illum
297 2197 415 2289 adeptis
435 2215 492 2268 est:
512 2229 565 2270 nee
584 2229 747 2294 quenquam
767 2210 1027 2270 exsuceessoribus
1042 2207 1171 2270 italleus
1186 2210 1330 2289 probarit,
1383 2235 1418 2304 ⁴;

110 2339 112 2354 .
196 2294 265 2432 ¹oquin
285 2287 398 2383 semper
416 2295 445 2349 et
465 2285 510 2349 ius
529 2296 559 2350 et
577 2297 703 2368 potestus
719 2292 802 2385 'regni
815 2295 941 2384 maneret
953 2307 1041 2428 ppnes
1057 2295 1184 2382 posteros
1197 2289 1328 2386 Doridis.

195 2367 677 2510 nitidiori*.l'i.³¹'.1lll.l0⁷'
693 2369 836 2528 title
849 2369 961 2511 titt.
982 2365 1328 2522 tlt.l¹¹'ttt.ltlt;

195 2531 277 2589 sicuti
298 2529 424 2588 continet
443 2529 607 2588 vaticinium
628 2527 720 2603 laceb,
741 2527 813 2588 Gen.
835 2529 883 2598 49.
905 2533 953 2591 to.
992 2527 1068 2607 Ergo
1093 2528 1131 2586 im
1154 2529 1179 2586 ia
1205 2535 1327 2609 ruptura

133 2603 139 2626 ²
191 2611 261 2682 icit,
290 2627 380 2688 quum
405 2607 496 2666 maior
519 2627 587 2688 pars
611 2609 710 2688 populi
735 2608 853 2672 desevit
877 2608 913 2670 od
933 2607 1088 2669 lerobeum.
1128 2549 1210 2668 botri
1229 2616 1327 2669 tamen

194 2695 290 2770 potest
313 2687 361 2746 hic
384 2686 491 2758 nodus,
521 2689 587 2766 quia
613 2689 664 2747 etsi
684 2687 925 2767 perconantur
944 2688 1022 2768 regni
1043 2688 1227 2768 principium,
1252 2690 1326 2748 sicut
1417 2737 1418 2752 .

194 2771 297 2846 dieitur
315 2766 390 2848 apud
412 2765 536 2824 lloseam
558 2769 606 2837 13,
626 2766 769 2828 ct-Dedi
788 2766 869 2824 vobis
888 2766 997 2846 Regem
1016 2767 1046 2826 in
1065 2767 1162 2828 furore
1181 2788 1261 2827 meo:
1280 2774 1324 2829 to·
1417 2821 1418 2828 ,

194 2849 309 2908 let-autin
330 2845 431 2906 deindo
450 2843 601 2925 probatum
621 2846 687 2918 luit,
707 2855 737 2908 et
757 2847 851 2909 unctio
867 2853 968 2909 testate
982 2852 1034 2918 est,
1054 2853 1148 2907 ratum
1159 2845 1222 2906 Deo
1238 2848 1326 2908 luisse
1417 2889 1418 2896 .

193 2927 270 3006 qtiotl
291 2945 438 3005 perperam
458 2925 584 2984 tumultu
602 2927 702 3005 populi
721 2935 832 3006 gestum
852 2925 952 2987 luerat.
978 2923 1076 2986 Potuit
1094 2926 1180 3006 igitur
1198 2927 1325 3008 populus

192 3006 278 3066 lsi-otii
298 3004 405 3085 ltcgem
424 3023 507 3064 sunm
528 3004 620 3064 dicere
640 3025 656 3064 u
677 3003 741 3068 Deo
761 3013 887 3066 ereetum
905 3013 936 3064 et
961 3006 1130 3079 stabilitum,
1159 3008 1258 3086 quiin
1280 3027 1324 3068 re·
1417 3033 1418 3040 ¹

191 3087 315 3156 medium
335 3085 523 3164 dissipationis
542 3084 654 3144 additos
673 3085 766 3146 luerat
785 3084 853 3164 liliis¹
869 3083 994 3146 Doridis.
1025 3084 1087 3146 Etsi
1110 3085 1186 3146 eninr
1206 3087 1323 3148 dissidio
1417 3079 1418 3096 ³

191 3167 251 3236 itta„
261 3165 403 3245 collapsus
423 3171 466 3224 est
485 3169 577 3224 stutus
597 3165 708 3244 populi,
729 3165 835 3224 luitura
855 3173 950 3226 temen
968 3160 1033 3240 ttta,
1053 3185 1157 3226 arcano
1176 3165 1234 3227 Dei
1254 3161 1323 3226 con·
1417 3175 1418 3198 ¹

190 3246 256 3306 silio
274 3246 420 3324 supposita
442 3244 496 3304 luit
514 3263 551 3303 ne
570 3245 739 3304 concideret.
773 3244 832 3304 Sed
852 3265 906 3325 ego
925 3244 1047 3307 libenter
1065 3253 1158 3304 toturn
1178 3244 1324 3308 Ecclesiae
1417 3297 1418 3308 .

190 3344 294 3404 corpus
314 3325 494 3404 complector.
521 3321 582 3384 Nec
601 3332 706 3386 temere
726 3325 858 3405 singulari
877 3343 997 3384 numero
1016 3344 1085 3384 usus
1105 3331 1147 3384 est
1169 3323 1323 3407 Propheta,
1417 3315 1418 3360 t

190 3422 280 3486 quum
306 3404 390 3462 vellet
416 3404 495 3462 lteus
520 3404 660 3484 populum
685 3404 764 3467 illum
789 3407 879 3464 iusim
902 3423 964 3464 esse
990 3407 1072 3466 uuius
1096 3403 1234 3478 hominis,
1262 3425 1320 3485 qua
1417 3415 1418 3487 ᾗ

179 3487 273 3544 -etium
293 3485 402 3542 ratione
424 3483 527 3542 Paulus
548 3484 610 3544 Gal.
623 3488 652 3555 3,
674 3488 720 3546 16.
741 3487 771 3544 iu
790 3505 849 3544 une
868 3486 975 3544 semiue
993 3485 1104 3544 insistit.
1129 3485 1322 3546 Dillluxerant
1417 3493 1418 3566 l

189 3567 262 3624 einim
285 3562 400 3634 lsmael,
429 3562 505 3622 Esau
529 3571 557 3622 et
581 3565 643 3635 alii,
673 3583 763 3644 quum
785 3561 865 3624 lleus
888 3563 1009 3627 redemit
1032 3583 1066 3624 ac
1089 3565 1202 3642 collegit
1221 3584 1319 3638 semen
1417 3575 1418 3652 ,

188 3644 328 3706 Abrabae.
348 3642 391 3702 lta
406 3645 504 3704 Ftltns
522 3645 647 3702 hminis
666 3643 815 3704 vocabitur
828 3637 952 3722 populus
967 3663 1051 3722 quem
1067 3643 1119 3704 sibi
1134 3645 1321 3724 adoptaverat

188 3723 284 3798 Deus,
309 3731 344 3783 ut
362 3730 436 3784 esset
455 3723 537 3801 quusi
557 3742 631 3782 unus
650 3721 751 3782 homo:
776 3724 841 3802 quia
862 3731 957 3782 umen
977 3725 1070 3784 unitas
1089 3723 1159 3783 haec
1177 3723 1320 3804 pendebat

187 3825 205 3864 a
225 3806 325 3883 capite,
354 3823 413 3864 non
432 3800 561 3880 displicet
578 3799 686 3883 Regem
707 3802 811 3862 diserte
830 3805 922 3862 couri
942 3809 1083 3882 quatenus
1100 3803 1239 3864 retinebat
1257 3823 1318 3864 me·

187 3886 277 3943 iorem
298 3883 395 3962 populi
415 3888 540 3976 paptcm,
560 3901 596 3940 ne
614 3883 723 3941 exitiali
743 3884 824 3942 ruina
845 3883 959 3962 periret.
999 3881 1135 3944 Ceterum
1155 3883 1202 3943 bic
1219 3903 1318 3944 rursus
1417 3911 1418 3948 t

187 3962 326 4044 propheto
351 3961 628 4040 nonnisrpriuribus
649 3960 704 4022 ltu
728 3962 870 4022 beneficiis
895 3963 1023 4024 innititur
1047 3963 1084 4024 ad
1107 3963 1318 4024 conciliandum
1417 3967 1418 3970 ’

49 4093 67 4118 ,,
186 4045 247 4102 eius
267 4042 408 4101 lavomm:
438 4041 494 4100 acsi
518 4041 638 4111 diceret,
663 4040 802 4116 Domine,
826 4044 893 4122 quie
913 4051 994 4109 tuum
1018 4050 1063 4104 est
1080 4042 1217 4123 perlicere
1238 4041 1317 4122 quod
1417 4049 1418 4081 l

186 4123 320 4260 coepisti,
344 4120 452 4201 llegem
476 4119 574 4179 ubete
593 4121 676 4182 uobis
695 4122 792 4182 datum
813 4122 963 4182 emtodins.
1003 4121 1129 4184 Tandem
1149 4121 1319 4203 promittunt

185 4201 284 4296 litlees
302 4219 333 4260 se
354 4200 417 4295 Deo
438 4205 534 4278 pratos
552 4198 629 4294 lore,
653 4202 676 4259 si
696 4201 820 4302 exauditi
842 4202 959 4303 luerint:
983 4222 1076 4303 neque
1094 4203 1127 4304 id·
1142 4209 1253 4297 tantum
1273 4219 1316 4296 sa·

185 4281 292 4340 crtlicro
314 4281 412 4351 laudis,
431 4281 483 4340 sed
501 4287 562 4339 totu
581 4287 650 4338 vito.
671 4277 744 4340 llam
764 4291 912 4342 enuocnteo
931 4303 1060 4356 mptum
1068 4285 1129 4344 Des
1146 4301 1200 4363 pro
1220 4281 1316 4348 velulis

129 4352 134 4364 “
185 4357 325 4422 labiorum
350 4361 494 4442 decipitur.
535 4357 594 4420 Sed
618 4363 706 4420 tutius
727 4361 800 4444 viles
823 4380 994 4432 eonsensum
1019 4362 1143 4424 declaret
1166 4361 1214 4427 ubi
1238 4361 1315 4436 diui,
1417 4375 1418 4396 ¹
