2862 4888
421 335 425 352 ,
476 285 873 330 ιιιιιιι.ι.ιιιιιιιι.
1149 285 1152 298 ·
1205 289 1243 346 43

106 427 231 490 surgens,
251 407 443 470 reverentiam
452 405 550 470 Verbo
562 427 617 470 suo
635 417 792 492 comparat,
813 409 969 472 obscuritas
989 407 1026 472 ad
1045 411 1175 494 ignaviae
1194 387 1260 475 ens

105 491 280 550 cusationem
298 487 471 552 obtenditur.
491 486 590 566 Quum
611 489 655 550 bis
675 489 785 551 duobus
800 491 875 550 vitiis
895 491 1020 551 mundus
1038 491 1158 566 laboret,
1178 492 1243 575 Spl-

103 573 170 628 ritus
189 574 309 630 sanctas
328 569 439 648 ιιιΙιιιιι
459 570 502 630 ita
518 575 667 650 temperat,
687 570 901 644 nesablimitas
920 569 1064 632 doctrinae
1083 573 1169 650 etiam
1188 575 1243 633 mi·

105 649 181 709 nimis
205 649 246 709 sit
270 650 432 720 recondita,
462 649 486 708 si
511 649 598 708 modo
624 649 763 730 placidam
789 636 960 730 docilitatem
980 657 1010 712 et
1028 654 1134 712 seriam
1154 653 1242 736 proli·

106 728 189 788 ciendi
205 727 337 788 stadium
352 729 482 788 silerent.
497 727 661 810 Propbetae
674 736 770 789 autem
785 729 934 790 consilium
953 737 1005 805 est,
1025 751 1139 798 omnem
1159 732 1242 794 dictis

105 810 156 868 sais
175 806 388 905 dabitationem
407 807 547 882 eximere,
571 810 637 892 qaia
657 809 729 905 nibil
749 829 856 870 novum
875 811 1003 906 prolerre
1022 811 1242 873 inclinasset

163 885 727 1043 ttttffistttittttt
740 890 1242 1050 ttbtttttttttittttt

103 1050 165 1126 quia
183 1047 278 1107 molta
299 1054 408 1108 temere
427 1054 601 1130 sparguntur
619 1048 724 1128 quibus
742 1058 838 1110 tamen
859 1069 917 1110 non
931 1055 1043 1109 constat
1056 1049 1147 1110 solida
1160 1051 1242 1126 tides,

101 1127 156 1186 imo
181 1127 255 1186 nihil
280 1129 374 1210 magis
403 1145 569 1204 commune,
598 1147 685 1210 qnam
716 1129 818 1190 sabulis
842 1129 945 1191 aeleri
969 1125 1118 1188 bominum
1148 1143 1240 1190 sums.

100 1203 165 1266 Non
185 1207 238 1266 abs
258 1225 292 1266 re
311 1207 399 1288 igitur
418 1205 561 1288 Propheta
581 1227 654 1288 qrrae
673 1209 768 1270 andita
788 1229 851 1270 asse
870 1151 989 1283 dreia,
1009 1207 1093 1268 sinrol
1112 1208 1243 1290 obsignat

103 1295 177 1347 certo
195 1287 376 1346 ιιιὶὶιιιοιιίο.
406 1286 507 1362 Addit,
532 1287 652 1348 ludaeos
671 1290 711 1348 ita
729 1287 816 1350 luisse
835 1308 853 1349 a
872 1286 1005 1348 Patribus
1024 1287 1153 1350 edoclmr
1170 1309 1242 1364 Ιιιιιιι
1343 1321 1345 1328 v

104 1367 176 1446 quod
196 1385 315 1448 semper
334 1368 413 1427 omui
427 1368 498 1427 vitio
513 1373 608 1430 carmi
622 1369 700 1450 qaod
714 1376 755 1430 est
777 1367 975 1440 domesticam,
994 1366 1045 1428 sed
1065 1369 1132 1448 qula
1151 1369 1243 1428 maior

105 1455 144 1506 est
161 1445 309 1526 tigmentis
329 1447 421 1520 locus,
441 1447 535 1528 siquid
555 1449 672 1508 affertur
690 1467 728 1509 ex
747 1451 863 1530 regiam
881 1441 1047 1528 longinqua.
1070 1445 1242 1528 ›Braecipae

103 1533 193 1587 buren
212 1526 376 1586 notandam
396 1533 455 1600 est,
474 1547 532 1588 nou
552 1527 695 1607 quoslibet
712 1527 760 1589 hle
779 1529 872 1589 notari
891 1535 1000 1608 patres,
1020 1526 1070 1588 sed
1091 1529 1141 1607 qui
1160 1527 1242 1588 electi

105 1612 178 1747 pant
194 1608 227 1746 {a
248 1605 424 1688 peculiarem
443 1603 499 1668 Dei
518 1607 674 1689 populum,
699 1615 730 1668 et
755 1608 831 1689 apud
855 1627 929 1690 quos
949 1607 1081 1688 deposita,
1096 1614 1158 1668 erat
1177 1626 1241 1668 coe·

115 1689 176 1748 esta
214 1686 337 1746 octrlua.

182 1767 210 1828 4.
230 1767 310 1828 Non
334 1767 554 1828 oembnltsaos.
584 1764 710 1828 Verbum
731 1769 833 1836 ἾΠἊ
853 1765 969 1846 quidam
988 1767 1130 1846 accipiunt
1149 1765 1179 1826 in
1192 1767 1242 1826 ni-

160 1847 178 1922 l,
196 1865 231 1907 ac
249 1853 385 1921 vertunt,
405 1866 464 1908 uon
483 1865 546 1906 esse
565 1847 669 1906 celata:
689 1847 741 1908 sed
782 1850 827 1908 aia
842 1847 915 1907 ratio
925 1843 1134 1906 Grammaticos
1143 1853 1241 1927 postu·

120 1934 146 1987 ot
168 1930 250 1987 aliter
277 1926 350 2006 legi,
379 1926 424 1985 sio
444 1927 571 2000 resolve,
599 1925 639 1987 Ut
658 1947 716 1988 non
737 1867 862 1988 cedemus
883 1931 1012 2006 posteros
1032 1931 1162 1998 nostros,
1191 1925 1240 1986 aed

111 2007 182 2086 qnod
208 2005 351 2067 traditam
374 2005 430 2065 snit
453 2004 535 2066 nobis
559 2023 577 2066 a
601 2007 769 2078 maioribus,
799 2003 964 2066 studeamus
990 2007 1183 2065 transmittere
1205 2005 1243 2066 ad

113 2105 204 2146 eorm
222 2093 360 2167 nepotes,
385 2091 472 2166 alque
491 2083 548 2146 boo
566 2085 654 2148 modo
674 2087 785 2148 tollitur
803 2085 896 2147 omnis
915 2083 1092 2163 ignorantiae
1113 2092 1241 2164 praetex-

116 2171 174 2242 tus,
191 2167 252 2244 quia
274 2165 369 2224 voluit
387 2163 459 2224 baec
469 2162 558 2242 Deus,
578 2187 631 2248 per
649 2169 798 2230 continuas
816 2171 942 2226 aetatum
961 2165 1048 2224 series
1057 2165 1241 2246 promulgari,

118 2248 150 2304 nt
170 2263 216 2324 per
232 2244 359 2324 singulas
379 2243 499 2304 familias
519 2245 555 2306 de
575 2265 661 2306 manu
680 2247 710 2306 in
729 2265 846 2306 manum
865 2243 1043 2318 bansmissa,
1068 2244 1105 2303 ad
1126 2244 1241 2304 ultimos

118 2341 199 2404 usque
214 2325 408 2406 pavenirent.
428 2321 503 2384 Finis
524 2325 610 2386 etiam
630 2326 797 2400 ostenditur,
817 2331 850 2384 ut
868 2323 1044 2384 celebrarent
1063 2323 1243 2398 loadesDet,

114 2414 140 2463 et
156 2405 364 2485 [macedam
388 2411 421 2464 in
439 2407 593 2466 miracolis
611 2407 706 2468 edua.
733 2405 868 2466 Ceteram
887 2405 956 2485 quia
975 2413 1131 2464 cousensus
1152 2403 1241 2464 borni·

113 2503 174 2544 uam
192 2485 227 2544 ad
249 2485 367 2566 plenam
387 2482 533 2546 doctrinan
552 2484 639 2546 fidem
657 2507 715 2546 non
736 2485 891 2560 sufficeret,
915 2481 1061 2563 Propheta
1082 2483 1157 2545 ultra
1174 2503 1241 2564 pro·
1342 2492 1345 2503 “

112 2563 237 2644 graditur,
262 2561 358 2623 Deum
379 2569 524 2624 auctorem
544 2564 658 2626 faciens.
698 2563 796 2626 Refert
815 2566 912 2646 igilur,
930 2563 1105 2645 patres'non
1124 2581 1178 2624 aaa
1197 2581 1240 2622 ar-

110 2641 194 2718 bitrio,
212 2643 267 2704 sed
278 2641 334 2703 Dei
353 2642 488 2704 mandato
507 2643 642 2705 imbuisse
660 2645 736 2706 filios
754 2646 810 2706 hac
829 2645 965 2706 docetor.
987 2639 1075 2721 Quod
1093 2651 1239 2702 aetatem

109 2733 135 2785 et
150 2727 263 2809 legeras
282 2721 401 2806 quidam
425 2723 463 2784 ad
487 2731 665 2804 praesentem
683 2727 875 2786 narrationem
894 2723 1037 2798 referunt,
1062 2723 1140 2804 quod
1160 2719 1241 2784 Deus

107 2807 227 2884 posuerit
254 2803 403 2865 decretum
428 2804 458 2864 in
477 2803 561 2864 Iacob
581 2807 669 2866 instar
687 2807 804 2888 regulae
821 2803 1005 2878 inviolabilis,
1028 2809 1061 2864 ut
1078 2821 1193 2882 semper
1211 2804 1241 2864 iu
1308 2836 1310 2846 ·

108 2903 154 2943 ore
175 2885 308 2944 omnium
332 2889 447 2942 sonaret
466 2883 596 2945 liberatio
636 2886 729 2967 opali:
753 2887 836 2946 nimis
856 2886 970 2944 videtur
987 2884 1158 2944 restrictum.
1189 2881 1241 2943 lta·

109 2983 160 3058 que
182 2964 218 3023 ad
241 2962 350 3044 Legem
369 2965 502 3058 scriptam
521 2906 660 3059 extendo,
685 2986 758 3046 quae
779 2973 874 3061 tamen
894 2983 932 3024 ex
951 2965 1079 3103 partein
1098 2962 1156 3023 hoc
1175 2962 1241 3022 data

108 3043 170 3117 lost,
194 3051 229 3104 nt
256 3045 459 3122 redemptionis
485 3064 620 3104 memorre
646 3047 786 3126 populum
829 3065 857 3104 ιιι
876 3063 954 3104 seme
985 3044 1121 3104 collectus
1140 3043 1241 3117 luerat,

106 3125 235 3183 retincmt
256 3123 310 3182 sub
324 3120 382 3181 Dei
402 3121 547 3204 obsequio.
567 3123 700 3204 Intelligit
718 3145 789 3206 ergo
807 3067 951 3205 dropbeta
961 3120 1057 3184 Deum
1076 3141 1135 3184 non
1154 3122 1242 3184 modo

106 3205 209 3283 potenti
238 3222 327 3263 mana
346 3200 466 3263 ludaeos
490 3203 542 3264 sibi
562 3207 729 3284 acquisisse,
753 3205 803 3265 sed
828 3200 991 3284 obsignasse
1010 3221 1091 3262 suam
1111 3205 1241 3284 gratiam,

106 3302 139 3342 ue
161 3301 294 3363 anquam
319 3281 479 3342 aboleretur
502 3284 564 3344 eins
587 3287 695 3346 nobile
734 3283 772 3346 Et
796 3292 871 3346 certe
896 3284 977 3362 quasi
998 3281 1116 3362 publicis
1135 3281 1242 3344 tobalia

108 3363 273 3442 consignata
297 3362 364 3431 luit,
394 3361 442 3422 abi
465 3381 517 3443 per
535 3361 577 3422 Le
613 3384 642 3425 m
666 3365 801 3445 scriptam
825 3363 964 3424 sancitum
989 3363 1043 3424 fnit
1061 3363 1179 3438 foedus,
1208 3369 1241 3424 ut

107 3443 205 3583 ‘did
225 3439 495 3584 tattttttt
513 3442 1150 3584 ttsstlattutttt”aab
1166 3439 1244 3584 tta

108 3604 252 3674 nomenti,
270 3604 325 3663 nisi
345 3601 380 3660 ad
401 3603 553 3682 gratuitam
569 3603 752 3683 adoptionem
771 3543 890 3684 eiddqne
910 3563 1035 3664 [rublum
1054 3609 1240 3684 spectassent.

1288 91 1299 128 Ι

108 3677 168 3740 Hoc
186 3684 275 3762 igitar
294 3687 339 3741 est
357 3681 518 3757 decretam,
542 3688 576 3743 nt
594 3691 689 3762 patres
708 3683 790 3764 Legis
811 3682 939 3743 doctrbm
958 3683 1074 3758 imbuti,
1100 3682 1182 3822 paesi
1201 3701 1241 3742 ex
1288 3682 1290 3694 ⁴

109 3779 154 3819 ors
172 3760 246 3834 Dei,
271 3761 345 3822 filiis
358 3767 594 3833 commemorent,
620 3781 651 3822 se
670 3782 729 3824 non
749 3764 835 3822 mado
856 3761 944 3822 semd
962 3762 1049 3824 fuine
1068 3781 1099 3822 re
1119 3767 1242 3840 emptos,

109 3840 153 3898 sed
172 3841 310 3900 oubeetos
328 3843 360 3900 in
379 3861 467 3901 unum
487 3840 631 3901 Ecclesiae
650 3861 764 3924 corpus,
784 3850 816 3902 ut
833 3841 931 3903 Deum
950 3841 1130 3904 liberatorem
1144 3849 1242 3902 sancte
1339 3839 1341 3846 ’

109 3936 233 4054 pemque
258 3919 392 3981 omnibus
415 3921 517 3980 seculis
541 3919 676 3980 colerent.
716 3919 891 3982 Particulam
911 3924 1002 3990 aaa
1021 3921 1165 4004 exegetica
1184 3919 1242 3981 boe

119 4015 169 4058 aco
188 4000 450 4080 positamesaenon
465 3997 573 4074 dubito,
593 4019 656 4080 pro,
675 4021 787 4082 nempe.
806 4000 869 4081 Ego
883 4003 992 4063 reddidi
1001 4022 1053 4083 per
1066 4003 1143 4083 quia,
1163 4001 1242 4080 qood

110 4075 182 4136 idem
206 4079 291 4140 valet.
332 4075 471 4138 meimo
494 4097 580 4138 versu
604 4079 755 4141 confirmat
779 4082 858 4162 qaod
884 4082 956 4144 dixit
979 4082 1016 4142 de
1035 4086 1172 4162 per-petua
1191 4081 1241 4141 do-

111 4157 214 4218 ctrinae
233 4159 420 4218 successione.
459 4155 533 4218 Nam
553 4158 610 4219 boo
629 4161 702 4220 seire
721 4168 819 4222 nostra
839 4179 1012 4242 magnopere
1030 4164 1162 4235 inolescat,
1182 4181 1242 4222 non

112 4237 157 4294 uui
176 4243 288 4300 tantum
308 4239 404 4299 secolo
425 4237 519 4298 datam
538 4238 625 4299 luisse
644 4239 763 4322 Legem,
788 4241 838 4301 sed
863 4265 953 4325 quom
973 4250 1078 4324 putres
1102 4243 1144 4300 uel
1153 4243 1243 4321 filios

115 4323 339 4380 immitterent
358 4319 439 4398 quasi
459 4317 644 4380 haereditario
669 4321 744 4394 iare,
769 4341 805 4380 ne
825 4341 864 4382 un
907 4339 953 4380 am
971 4319 1166 4396 mtercidcset,
1191 4323 1242 4382 sed

113 4399 249 4476 saperdas
273 4403 401 4492 maneret
424 4417 516 4480 usque
541 4399 577 4460 od
603 4399 692 4462 finem
715 4403 822 4461 mnndi.
893 4414 944 4461 aec
967 4401 1041 4464 ratio
1064 4405 1110 4464 est
1128 4419 1181 4462 oar
1199 4402 1243 4464 di·
