2862 4888
541 143 546 176 l

487 287 929 356 lassantlassant*
994 319 998 328 ·
1179 319 1235 374 *79

96 443 194 499 nostra
215 437 369 500 desideria.
395 435 465 496 nibil
486 436 583 498 dolore
602 437 638 496 ad
657 435 771 518 plenam
791 439 956 498 satietatem.
996 437 1078 498 Unde
1097 441 1236 519 sequitur,

96 537 183 600 parte
202 523 234 577 et
253 519 376 577 tenuiter
395 517 501 576 stillare
522 519 550 576 in
573 535 625 576 nos
645 517 782 576 coelestes
802 519 921 595 gratias,
941 517 1007 598 quia
1028 531 1068 577 os
1081 517 1164 578 nimis
1184 539 1233 580 sn-

96 605 213 676 gustum
234 604 293 672 est,
312 597 384 656 alios
406 617 474 656 vero
494 597 602 656 ieiunos
622 615 684 656 esse
704 601 733 654 et
753 598 863 668 inaures,
883 599 949 676 quis
970 617 1004 656 os
1022 617 1138 678 prorsus
1158 600 1234 677 clau·

97 678 184 750 dunt,
210 696 278 736 uam
296 678 390 736 maior
409 695 475 756 pars
494 677 541 736 vel
560 677 688 749 fastidio,
714 677 760 734 vel
779 675 926 757 superbia,
946 678 992 737 vel
1013 681 1107 738 lurore
1125 682 1233 758 respuit

96 757 237 836 quicquid
256 777 274 816 e
293 756 374 816 coelo
396 755 535 816 bonorum
555 755 690 816 ollerturs
707 755 772 824 ulti,
792 757 922 835 quamvis
943 777 1001 816 nou
1025 759 1055 816 iu
1074 763 1167 816 totum
1189 777 1232 816 re·

97 838 209 909 iiciant‚
238 839 290 894 vix
314 842 410 896 tamen
435 837 553 916 exignus
577 841 673 914 guttas
697 836 862 906 admittunt,
891 837 957 916 quia
983 838 1023 894 sic
1042 838 1169 896 restricta
1189 845 1233 898 est

96 918 201 975 eorum
220 915 294 975 tides
313 921 348 974 nt
366 917 482 975 effusam
504 916 616 996 copiam
634 915 779 995 impediat.
803 914 877 976 Hinc
897 936 968 976 vero
987 917 1069 975 nimis
1089 917 1166 977 clare
1185 919 1232 976 de-

95 997 205 1075 tegitur
223 995 325 1054 mnndi
344 996 477 1075 pravitas,
496 995 575 1074 quod
594 1013 688 1073 neque
698 993 794 1054 Deum
814 997 959 1076 cognitum
978 997 1120 1074 amplecti,
1138 1015 1233 1076 neque

96 1077 125 1134 in
146 1093 223 1134 eos
261 1075 538 1148 niesceresustinet,
567 1075 621 1134 etsi
645 1075 721 1134 eninr
746 1083 864 1134 externo
885 1076 1056 1136 adorationis
1075 1077 1156 1156 siguo
1175 1079 1233 1136 coli

95 1175 126 1213 se
146 1151 232 1212 Dens
272 1156 299 1213 ic
319 1153 457 1234 postolat,
477 1161 652 1215 nontamen
672 1161 799 1214 nioratur
818 1154 928 1214 undum
948 1175 1065 1227 nomeu,
1086 1156 1152 1233 quia
1171 1158 1232 1216 eius

95 1236 234 1294 maiestas
253 1235 283 1293 in
302 1233 413 1293 duabus
431 1235 478 1294 vel
497 1235 588 1295 tribus
607 1234 725 1312 syllabis
745 1236 798 1294 sita
818 1253 876 1294 aon
896 1241 953 1294 est:
979 1235 1029 1293 sod
1052 1253 1114 1299 rem
1137 1237 1233 1315 potius

95 1319 224 1392 spectat,
249 1333 286 1372 ne
304 1313 360 1374 alio
381 1305 510 1390 dilllpant
530 1333 595 1394 spes
614 1321 741 1374 nostrae:
768 1314 814 1373 rel
838 1315 900 1376 laus
923 1315 1062 1384 iustitiae,
1086 1314 1184 1374 salutis
1202 1321 1233 1374 et

96 1393 242 1452 bonorum
272 1393 399 1454 omnium
429 1395 625 1455 transferatur.
664 1392 729 1454 Hoc
756 1395 831 1454 eninr
861 1396 976 1456 nomine
1006 1393 1148 1454 Deitatem
1179 1395 1232 1454 sibi

97 1471 246 1545 vendicat,
275 1473 353 1552 quod
378 1472 430 1534 sibi
449 1475 533 1555 plena
554 1472 695 1534 Moerum
714 1480 848 1555 suppetat
867 1473 980 1534 ubertas
1000 1473 1036 1533 ad
1056 1494 1109 1534 nos
1129 1473 1230 1532 satian-

96 1553 148 1612 dos
167 1559 201 1610 et
218 1553 386 1632 explendos.

177 1635 228 1692 12
252 1635 293 1692 Er
312 1655 375 1691 aon
393 1635 515 1694 assilivit.
555 1630 638 1693 Nunc
658 1633 788 1714 queritur
807 1631 897 1709 Deus,
916 1653 1006 1714 quum
1026 1631 1165 1694 lsraililas
1184 1652 1232 1694 co·

97 1712 182 1771 miter
202 1711 239 1770 ad
260 1730 291 1770 se
311 1703 429 1788 alliciat,
458 1712 590 1773 blandam
610 1719 703 1774 tumen
723 1711 797 1772 hano
815 1713 1014 1774 invitationem
1034 1715 1142 1794 sperni:
1172 1715 1231 1774 imo
1329 1776 1342 1798 U

99 1810 192 1870 quum
232 1791 321 1850 sidem
342 1793 467 1872 coeperit
486 1811 536 1852 eos
556 1793 673 1867 hortari,
693 1813 805 1873 semper
819 1813 900 1853 aures
915 1791 1001 1854 fnisse
1015 1791 1231 1853 clausasVe'rbo

95 2038 126 2090 et
142 2033 176 2108 in
196 2029 297 2090 eadem
317 2031 504 2092 obstinatione
523 2050 647 2114 pergere.
687 2028 766 2092 llaec
785 2053 854 2093 vero
895 2033 1033 2114 rodigiosa
1052 2030 1159 2092 malitia
1178 2039 1231 2108 est,

98 2109 178 2184 Deo,
203 2109 255 2170 nbi
273 2119 390 2192 paratus
409 2119 454 2172 est
472 2111 621 2174 nobiscnm
639 2113 699 2174 fere
717 2111 857 2196 aequabili
873 2053 939 2194 iege
959 2113 1077 2192 pacisci,
1100 2111 1231 2172 claudere

97 2209 253 2263 secenum,
273 2199 303 2251 et
323 2192 494 2252 audientiam
513 2211 624 2272 negare.
654 2195 698 2253 Ac
717 2193 887 2272 aeculpam,
906 2194 1081 2271 ignorantiae
1101 2190 1230 2266 obtentu,

97 2277 263 2344 extenuem,
284 2271 363 2332 addit
380 2291 411 2332 se
430 2293 468 2332 ex
487 2273 615 2354 professo
634 2278 663 2333 et
682 2269 835 2332 deliberato
861 2280 1026 2351 contemptu
1050 2271 1137 2331 luisse
1161 2272 1230 2330 reie-

98 2359 186 2410 ctum.
228 2349 312 2410 Unde
332 2360 450 2432 apparet
469 2351 617 2412 fascinatas
637 2371 655 2414 a
675 2351 788 2412 diabolo
808 2351 893 2410 luisse
904 2370 1004 2411 eorum
1018 2358 1136 2412 mentes.
1155 2347 1230 2409 Hinc

99 2433 267 2512 pronuntiat
285 2432 394 2492 iactum
412 2451 475 2493 esse
495 2440 527 2494 ut
546 2453 596 2493 eos
611 2433 745 2493 dimiserit
754 2431 784 2492 in
803 2432 907 2492 duritia
927 2431 1020 2491 cordis
1040 2449 1155 2490 eorum:
1173 2429 1229 2503 vel,

99 2519 130 2568 ut
148 2511 196 2569 alii
217 2516 341 2586 venunt,
361 2513 391 2572 in
411 2509 589 2593 cogitatione.
629 2517 715 2584 titt!
739 2513 814 2574 euim
840 2511 916 2571 unde
939 2510 996 2570 lroc
1020 2529 1124 2568 nomeu
1144 2507 1229 2568 dedu·
1307 2507 1309 2516 ’

98 2598 175 2649 dnm
194 2597 249 2665 est,
268 2590 433 2653 umbilicum
452 2595 568 2676 proprie
586 2591 733 2674 significat.
773 2587 855 2652 Unde
875 2597 941 2672 apta
964 2595 1009 2650 est
1027 2589 1173 2648 translatio
1193 2587 1230 2648 ad

98 2671 286 2750 cogitationes
306 2669 438 2733 cordibus
447 2675 613 2754 implicitas:
634 2672 680 2732 vel
700 2673 784 2732 etiam
805 2672 841 2732 ad
861 2671 993 2731 duritiem
1012 2689 1085 2750 quae
1104 2668 1230 2728 medium

98 2769 148 2822 cor
167 2756 301 2832 occupat.
342 2749 418 2830 Quia
444 2761 540 2812 tamen
565 2755 669 2812 scimus
693 2753 722 2813 in
743 2750 863 2812 Psalmis
888 2771 948 2811 rem
969 2768 1054 2810 unam
1075 2749 1118 2808 bis
1138 2747 1230 2807 solere

98 2831 198 2910 repeti,
218 2831 341 2910 praetuli
361 2851 464 2893 nomen
486 2831 681 2914 Cogitationis,
702 2834 767 2928 quia
787 2853 857 2892 mox
880 2829 1018 2912 sequitur,
1035 2827 1230 2890 ambulabunt

97 2915 163 2989 post
182 2927 236 2968 sua
256 2911 381 2970 consilia.
421 2911 557 2972 Ceterum
577 2913 620 2971 bis
641 2911 734 2971 vorbis
759 2921 862 2972 rustam
887 2932 918 2971 se
937 2927 1059 2991 poenam
1076 2910 1230 2990 sumpsisse
1291 2945 1293 2952 ,

98 2994 221 3048 testatur
241 2988 277 3049 de
296 2991 414 3072 populo,
439 2993 507 3051 dum
533 3009 601 3052 sana
625 3011 691 3052 eum
716 2992 844 3053 doctrina
868 2991 1002 3074 spolians,
1027 2992 1057 3050 in
1076 2986 1230 3070 reprobum

98 3087 216 3128 sensnm
236 3071 363 3149 proiecit.
408 3071 502 3132 Sicuti
526 3075 602 3132 enim
627 3069 725 3132 Verbo
749 3091 802 3132 suo
828 3093 881 3132 nos
904 3091 1019 3150 regens,
1044 3070 1126 3150 quasi
1148 3067 1230 3128 lieno

97 3146 221 3222 cohibet,
241 3169 279 3209 ne
303 3157 370 3230 post
393 3171 502 3212 errores
528 3173 675 3232 vagemur:
699 3153 739 3214 ita
762 3151 920 3232 Prophetas
944 3171 1011 3210 suos
1034 3149 1165 3209 aulercos
1184 3147 1231 3206 lu-

97 3229 184 3304 daeis,
204 3232 347 3309 perversis
366 3251 466 3290 eorum
487 3233 610 3296 consiliis
620 3231 744 3292 habenas
757 3233 874 3306 laxavit,
894 3235 927 3290 ut
946 3229 997 3290 sibi
1007 3229 1119 3290 errandi
1137 3235 1231 3288 essent

97 3309 191 3368 duces„
233 3309 331 3390 Atque
351 3310 406 3370 boc
425 3309 622 3392 gravissimum
648 3317 691 3370 est
710 3312 850 3373 vindictae
875 3331 963 3392 genus
987 3317 1017 3370 et
1035 3311 1148 3391 signnm
1166 3308 1231 3367 hor-

97 3385 206 3447 rendae
231 3389 444 3470 desperationis,
471 3412 560 3472 quum
584 3393 620 3452 ad
645 3399 772 3452 nostram
797 3393 970 3474 proterviam
996 3389 1174 3450 dissimulans
1197 3407 1233 3448 ac

96 3469 193 3542 silens,
213 3471 396 3529 correctionis
416 3471 585 3532 medisinam
605 3491 662 3531 non
682 3471 803 3532 adhibet.
844 3469 990 3550 Quamdiu
1009 3471 1085 3530 enim
1109 3489 1162 3530 nos
1182 3465 1231 3527 ob·

96 3549 200 3626 iurgat,
219 3555 250 3608 et
269 3549 305 3607 ad
330 3551 453 3610 tribunal
478 3571 561 3610 suum
586 3551 713 3626 citando,
738 3549 817 3612 m'etu
841 3551 935 3613 iudicii
956 3571 1008 3611 nos
1027 3557 1126 3624 terret,
1146 3547 1232 3608 simul

95 3629 199 3686 inritat
218 3647 337 3708 quoque
355 3631 390 3690 ad
411 3633 626 3716 poenitentiam:
647 3632 695 3692 ubi
714 3641 808 3692 autem
830 3651 944 3712 operans
965 3651 996 3690 se
1014 3631 1134 3690 rixando
1154 3629 1232 3686 videt

95 3707 205 3782 ludere,
225 3725 280 3768 nec
301 3710 454 3790 quicquam
474 3711 611 3794 proficere
635 3732 701 3772 suas
725 3711 941 3783 admonitiones,
967 3709 1086 3770 tacendo
1107 3709 1230 3768 declarat

96 3807 126 3846 sc
145 3806 249 3846 curam
268 3787 390 3850 abiicere
409 3791 508 3851 salutis
523 3798 644 3853 nostrae.
674 3789 752 3851 Nihil
762 3795 840 3870 ‘ergo
860 3793 948 3872 magis
958 3790 1124 3864 timendum,
1143 3807 1231 3866 quam

96 3868 133 3926 ita
152 3868 329 3948 emancipari
349 3869 478 3932 homines
498 3869 600 3947 aDeo,
621 3877 653 3930 ut
671 3871 847 3932 lascivientes
867 3874 896 3932 in
917 3871 975 3930 suis
995 3870 1126 3942 consiliis,
1146 3885 1162 3925 a
1179 3865 1230 3924 Sa-

97 3954 162 4006 tsna
182 3944 341 4008 trahantur.
382 3948 557 4032 Quanquam
578 3957 671 4032 potest
695 3953 751 4011 boc
776 3953 859 4010 latins
883 3951 1002 4030 exponi,
1022 3947 1118 4008 Deum
1138 3943 1231 4006 taedio

96 4027 246 4107 inligatum
271 4048 331 4088 non
351 4049 464 4092 curasse
484 4033 519 4092 de
544 4031 690 4091 retinendo
716 4031 833 4111 populo,
853 4034 902 4110 qui
924 4030 1033 4108 perdita
1052 4048 1103 4088 sua
1123 4025 1230 4085 malitia

96 4127 176 4188 spem
198 4127 314 4167 omnem
357 4111 479 4172 relectus
499 4111 663 4172 absciderat.
688 4109 782 4170 Stulte
803 4130 870 4171 vero
890 4111 1015 4170 inierunt
1034 4128 1070 4168 ex
1090 4107 1147 4166 boc
1166 4101 1231 4166 lo'co

97 4187 224 4268 qnidam,
248 4207 322 4268 aequ
352 4189 405 4251 iter
430 4191 557 4253 distribui
582 4189 712 4252 omnibus
734 4189 789 4248 Dei
814 4191 946 4268 gratiam,
971 4188 1062 4248 donec
1086 4185 1231 4268 repudiata

97 4269 188 4327 luerit.
231 4265 306 4327 Nam
327 4277 356 4330 et
371 4269 445 4330 lonc
470 4271 603 4352 singulari
627 4267 775 4351 privilegio
795 4267 875 4329 Deus
900 4269 976 4329 solos
997 4267 1129 4328 Abrahae
1147 4265 1231 4340 filios,

97 4347 262 4484 posthabito
287 4355 350 4408 toto
375 4350 452 4421 orbe,
476 4351 512 4409 ad
537 4369 567 4409 se
592 4367 696 4409 vocare
716 4349 845 4430 dignatus
869 4356 921 4414 est.
962 4345 1055 4407 Hodie
1073 4348 1165 4408 fateor
1184 4366 1230 4406 su-

114 4428 204 4490 latum
226 4445 290 4488 esse
309 4427 468 4507 discrimen,
488 4435 520 4489 ut
539 4429 641 4510 legatio
661 4427 816 4510 Evangelii,
835 4449 892 4509 qna
911 4448 942 4490 se
961 4427 1042 4488 Dcus
1061 4427 1170 4488 mundo
1190 4445 1231 4487 re·

824 4639 834 4717 l
896 4673 909 4698 ι

97 1891 161 1930 suo.
203 1811 305 1950 deque
325 1873 400 1932 enim
420 1873 456 1932 de
476 1873 559 1933 unius
579 1879 691 1932 tantum
712 1872 766 1932 diei
786 1876 964 1944 contumacia
984 1873 1162 1953 expostulat,
1181 1869 1232 1934 sed
1330 1871 1333 1879 ’

96 1948 240 2031 populum
265 1951 359 2010 statim
383 1951 418 2012 ab
444 1953 523 2012 initio
549 1953 693 2034 stupidum
719 1971 753 2011 ao
778 1953 966 2033 praefractum
987 1953 1072 2013 luisse
1092 1951 1247 2031 intelligit,¹
1332 1998 1334 2007 .

1415 4325 1417 4412 l
