2884 4886
185 269 240 331 334
548 231 551 240 Δ
612 271 903 316 ιοιιιιιιιιι

189 399 220 462 ln
241 415 347 480 EM*
365 396 479 478 quidem
504 393 629 458 ostendit
651 395 699 456 hic
718 395 812 465 locus,
839 395 973 476 mansis
990 387 1053 454 les
1066 391 1130 456 tte
1154 393 1208 456 sah
1232 394 1335 456 oeulis

186 481 291 554 nostris
310 484 448 549 emetur,
470 495 530 536 non
555 495 591 536 eo
616 482 711 536 tamen
734 475 866 536 acumine
888 493 942 538 nos
960 474 1069 554 pollere
1092 481 1127 534 ιιι
1150 474 1246 537 lucem
1265 475 1333 536 illic

189 558 366 639 propositam
386 573 543 628 munamm,
563 555 654 616 donec
672 554 783 637 Spiritu
804 555 899 614 indicii
917 573 972 615 nos
991 551 1072 613 Deus
1091 553 1242 628 dluminct.
1272 557 1332 616 At-

189 655 246 719 qne
270 638 337 698 hinc
360 635 394 696 lit
412 643 445 696 ut
469 635 551 694 multi
572 636 729 694 caecutiant
751 635 782 694 in
806 634 883 695 clare
901 633 967 694 loce
987 632 1140 706 dominae,
1159 635 1239 712 qnod
1257 653 1331 715 per·

155 785 161 796 ,
190 718 311 798 apieaeia
331 733 383 776 aue
403 714 663 784 condatiscensem
683 708 809 796 Spiritus
827 712 1243 792 illuminationem-negligunt.
1270 713 1331 772 Se·

190 796 286 858 cundo
307 795 457 866 discemus,
477 794 890 854 nemiuem‘mortaliurntauta
909 792 1094 872 intelligentia
1113 793 1233 872 pollere,
1252 795 1332 874 quin

190 891 302 954 semper
325 875 507 936 incrementis
526 874 663 954 indigeat:
688 875 756 954 quia
779 874 804 932 ei
824 871 967 953 Propheta
987 869 1135 932 suthem
1154 877 1214 930 tam
1232 869 1331 932 hono-

63 959 65 962 ’
190 954 302 1018 silicum
322 969 426 1014 mouns
446 952 619 1025 contulerat,
649 953 801 1033 profitetur
825 951 919 1011 adhuc
942 969 974 1010 ss
992 969 1085 1010 uuum
1103 969 1166 1010 esse
1184 969 1223 1010 ex
1242 949 1333 1011 disci*-

189 1035 278 1116 pulis:
297 1034 378 1094 culus
393 1032 544 1094 cocordiae
561 1034 626 1105 erit,
652 1051 710 1092 uns·
724 1030 878 1112 qui-longe
897 1028 1045 1091 adhuc-ah
1064 1049 1101 1090 eo
1120 1029 1269 1102 distamus,
1290 1031 1331 1090 ud

189 1113 351 1196 protectum
369 1131 429 1174 nou
446 1113 535 1172 sniti‘t
552 1110 637 1172 Adde
655 1112 734 1190 qnod
753 1106 813 1170 non
832 1111 948 1191 proprie
970 1111 1071 1170 merita
1089 1109 1201 1189 ingerit,
1220 1117 1254 1170 ut
1275 1110 1332 1170 im-

189 1199 283 1276 petret
301 1192 380 1272 quod
400 1189 606 1272 postulatesed
626 1189 721 1250 Deum
742 1209 795 1270 per
812 1208 894 1250 suam
913 1188 1034 1272 gloriam
1051 1187 1219 1250 obtestatur.
1249 1187 1331 1250 Nam

189 1271 340 1333 exordium
358 1270 416 1330 huc
434 1287 557 1334 sumens.
576 1273 755 1332 semesum
772 1278 807 1330 tas
822 1271 942 1342 lsdouu,
961 1265 1076 1328 aeiuds
1094 1267 1233 1329 uomet
1252 1267 1333 1334 lidu-

164 1420 166 1426 ,
191 1354 265 1412 eiam
285 1353 434 1430 concipere
453 1349 585 1422 declarat,
605 1350 683 1430 quod
704 1350 785 1418 Deus
808 1347 846 1409 ch
865 1350 1034 1409 immensam
1059 1346 1225 1425 honitatem,
1243 1349 1333 1410 insti·

190 1433 271 1504 tiam,
291 1429 511 1491 misericordiam
531 1432 608 1489 omni
628 1429 712 1489 laude
731 1429 832 1510 dignus
851 1428 896 1488 sit.
1036 1463 1040 1474 ·
1119 1443 1122 1448 ’

272 1513 321 1572 13.
340 1512 443 1570 Latiis
465 1518 545 1569 mets.
584 1508 718 1569 Testatur
742 1508 798 1568 hoc
821 1525 908 1568 versu
932 1525 964 1568 se
981 1527 1041 1568 non
1060 1511 1173 1568 ιιιιιιιιιι
1192 1504 1333 1568 hahuisse

191 1589 297 1669 Legem
317 1587 374 1648 Dei
392 1589 421 1648 in
446 1589 532 1649 corde
556 1607 609 1648 suo
629 1579 776 1662 inclusam,
802 1585 852 1646 sed
877 1605 994 1667 operam
1018 1605 1136 1666 quoque
1159 1587 1274 1647 dedisse
1294 1595 1331 1646 ut

191 1673 299 1734 multos
317 1668 527 1748 condiscipulos
550 1667 703 1728 addisceret
726 1669 755 1727 in
782 1666 951 1747 obsequium
969 1665 1036 1727 Dei.
1076 1665 1134 1726 Pes·
1156 1683 1192 1726 ae
1208 1666 1330 1747 quidem

191 1749 325 1828 trigidum
344 1755 422 1808 esset
443 1747 479 1806 de
498 1745 573 1827 luge
593 1746 649 1806 Dei
673 1747 759 1806 verbe
783 1746 885 1821 lacere,
909 1748 982 1806 deut
1006 1745 1135 1808 videmus
1157 1744 1330 1827 hypocrita

191 1827 315 1888 tacende
340 1828 445 1908 garrire
470 1825 505 1886 de
525 1833 585 1886 tote
603 1828 717 1906 pietatis
741 1827 880 1896 doctrina,
899 1843 917 1886 a
936 1844 995 1908 qua
1013 1833 1109 1886 tamen
1128 1833 1197 1886 suut
1214 1825 1328 1888 allectis·

192 1909 268 1966 simi:
290 1906 447 1990 sedquod
467 1903 611 1985 Propheta
635 1925 728 1986 nuper
751 1906 787 1966 de
811 1905 903 1965 cordis
926 1906 1032 1966 affectu
1052 1903 1196 1986 protessus
1216 1911 1271 1976 est,
1291 1905 1330 1964 ad
1422 1915 1423 1950 t

192 1986 319 2065 lingum
340 2003 457 2064 quoque
475 1991 553 2044 nuuc
571 1985 716 2048 tmnstert.
748 1983 786 2044 Et
805 1987 943 2045 contiuuo
963 1991 1028 2066 post
1047 2003 1147 2044 rursus
1165 1983 1331 2056 confirmat,
1422 2003 1423 2034 t

193 2083 231 2128 ex
247 2065 346 2126 auimo
365 2072 395 2124 et
413 2063 522 2142 ubsque
549 2064 663 2125 fictione
692 2083 807 2144 operam
837 2083 869 2124 ae
891 2063 1063 2143 impendisse
1089 2064 1154 2125 allis
1183 2063 1331 2137 docendis,

192 2141 262 2204 dum
286 2161 318 2203 se
341 2161 400 2202 uon
423 2145 518 2204 minus
543 2143 739 2204 oblectationis
762 2144 874 2223 cepisse
895 2144 1040 2224 pmedicat
1063 2161 1101 2204 ex
1120 2141 1177 2202 Dei
1193 2143 1329 2203 doctrina

193 2242 281 2303 quom
298 2241 338 2282 ex
358 2223 466 2283 crunctis
486 2224 585 2284 mnndi
603 2223 714 2303 opibus.
754 2221 838 2282 Pium
857 2241 927 2284 vero
945 2221 1029 2303 Legis
1052 2241 1178 2282 amorem
1197 2241 1258 2301 quo
1278 2223 1329 2280 lis-

192 2301 306 2382 graltat,
324 2301 447 2380 ¹oblique
471 2303 582 2364 cuntot
600 2302 884 2381 ‘prevaecupiditati
903 2321 978 2381 quae
996 2309 1088 2362 totum
1107 2302 1168 2362 lere
1186 2301 1329 2362 muudum

192 2387 329 2474 occupat:
348 2386 406 2442 acsi
426 2381 551 2455 dixisset,
571 2378 671 2460 Quum
690 2382 839 2442 hominum
857 2389 968 2443 mentes
987 2381 1024 2442 ed
1042 2383 1193 2461 serapiant
1203 2380 1329 2452 divitiae,

192 2461 263 2528 mihi
286 2481 345 2520 non
369 2462 463 2522 minus
487 2461 643 2523 iucundum
667 2462 722 2523 luit
741 2461 881 2542 prolicere
899 2461 930 2522 in
949 2461 1078 2522 doctriua
1098 2460 1220 2542 pistum,
1240 2479 1328 2540 quana
1422 2485 1423 2510 t

191 2559 304 2602 summa
324 2540 468 2618 opulentia
486 2541 613 2602 allicere.
1032 2576 1037 2598 .

273 2623 320 2682 15.
341 2623 382 2680 Ic
404 2629 569 2700 praeceptis
592 2629 659 2682 tuta.
699 2619 866 2682 Tenendum
894 2627 939 2682 cre
966 2619 1045 2700 qood
1074 2620 1154 2700 priua
1182 2617 1328 2690 admonui,

178 2697 367 2777 ¹Prophetem
389 2698 435 2758 hie
454 2719 513 2760 uon
533 2700 630 2761 elllere
648 2719 714 2760 suas
729 2703 842 2779 glorios,
861 2701 912 2760 sed
931 2700 992 2760 aliis
1006 2717 1167 2780 proponere
1180 2699 1328 2780 exemplar
1422 2701 1423 2714 ¹

193 2779 271 2857 qnod
292 2785 458 2856 sequantur.
488 2778 603 2840 Scimus
622 2787 759 2858 quantum
779 2783 871 2840 maior
879 2797 946 2859 para
957 2779 1103 2840 hominum
1114 2779 1233 2838 terrenis
1252 2781 1328 2838 curis

193 2857 372 2943 addictaysit,
393 2865 425 2918 ut
445 2857 516 2920 oilril
534 2861 682 2940 temporis·
694 2866 724 2919 ei
747 2860 798 2920 otli
821 2860 858 2920 ad
878 2859 1036 2926 doctrinam
1054 2856 1113 2918 Dei
1136 2857 1328 2919 menstrosam

193 2941 290 2995 restet.
331 2935 431 3013 Itaque
450 2945 484 2996 ιιι
503 2938 592 3016 frigus
611 2934 682 2996 illud
702 2956 736 2996 ac
748 2939 896 3018 segnitiem
905 2942 1036 3018 nordgat,
1055 2937 1328 3008 uon-frustramus·

193 3015 310 3077 mendat
335 3016 506 3092 diligentiam
530 3023 561 3076 et
585 3017 777 3078 attentionem.
818 3017 915 3098 Atque
937 3025 969 3080 ut
993 3017 1117 3078 muudus
1136 3019 1256 3078 nonita
1274 3035 1327 3076 uos
1422 3039 1423 3064 t

193 3100 289 3160 teneat
311 3095 478 3172 implicitos,
502 3098 608 3158 scimus
633 3102 727 3158 tomen
748 3117 835 3177 qnam
854 3098 936 3158 facila
955 3100 985 3156 in
1005 3097 1179 3175 quotidianis
1196 3099 1328 3156 lenutio·
1422 3127 1423 3140 ι

193 3173 277 3238 uibus
301 3173 384 3234 nubis
405 3174 523 3255 obrepet
542 3173 626 3258 Legis
645 3173 702 3237 Dei
727 3177 842 3253 phlivio.
881 3177 981 3263 ltaque
1004 3197 1064 3236 nou
1082 3177 1132 3256 she
1152 3177 1240 3236 sss-ad
1259 3195 1327 3236 ccu-

193 3254 303 3312 tinnam
326 3257 558 3316 exercitationem
585 3275 637 3316 nos
661 3257 793 3318 hortatur
811 3256 970 3337 Propheta,
993 3263 1023 3316 et
1042 3255 1100 3318 hcc
1117 3257 1212 3316 studia
1232 3259 1327 3319 omnia

193 3331 338 3412 applicare
356 3353 411 3394 nos
431 3334 516 3394 iubet.
557 3333 596 3395 Et
621 3339 756 3415 quonium
780 3339 898 3398 erratica
923 3343 968 3396 est
987 3335 1136 3396 lanminum
1156 3337 1228 3409 rita,
1247 3337 1327 3414 quod

192 3413 642 3556 mitittlll'tt'ittt‘
660 3415 1136 3556 ilttli'tlt‘ttlttii:
1151 3415 1272 3556 itit
1284 3415 1327 3554 :l

192 3509 274 3654 ῗιίῗὶἶ
299 3572 355 3634 hoc
377 3577 507 3634 studium
529 3597 661 3634 memmae
684 3577 829 3656 voluptati
851 3577 907 3636 eidi
923 3577 1030 3654 furiosae,¹
1052 3573 1144 3636 donec
1161 3574 1238 3634 enim
1258 3573 1326 3632 hila·

69 3702 73 3723 ,
193 3655 264 3712 riter
283 3660 313 3712 et
332 3673 397 3712 cum
419 3654 608 3715 oblectatione
627 3655 753 3714 animum
774 3673 856 3714 suum
877 3657 941 3734 quis
960 3651 1327 3733 adiiciat-adlegernDrj,
1422 3687 1423 3700 ι

192 3732 293 3810 frigide
313 3739 341 3790 et
361 3733 444 3792 nimis
463 3733 540 3794 lente
559 3735 642 3794 inea
663 3733 802 3813 proficiet.
840 3733 937 3814 Atque
962 3733 1018 3792 hoc
1040 3740 1119 3793 recte
1143 3733 1259 3792 risendi
1278 3752 1325 3792 ex·

193 3814 305 3872 ordinm
325 3820 380 3883 est,
398 3819 428 3870 ut
449 3807 511 3884 Lex
530 3811 587 3874 Dsi
606 3816 745 3876 suavitate
765 3832 819 3874 uos
838 3832 888 3872 sua
908 3813 1021 3872 alliciat.
1054 3811 1140 3892 *llaec
1164 3815 1250 3872 etiam
1270 3829 1328 3870 uus

192 3893 265 3950 ratio
292 3891 440 3950 domuodis
460 3892 505 3951 vel
525 3893 657 3952 sanandis
681 3895 772 3953 earnis
793 3893 1002 3973 cupiditatibus,
1027 3893 1193 3971 quidecim
1213 3899 1326 3950 natura·
1422 3911 1423 3956 t

193 3969 256 4030 liter
274 3970 356 4035 nohis
377 3971 482 4030 arridet
501 3973 555 4032 nisi
575 3973 726 4032 vitiosum?
746 3965 850 4052 ltaque
869 3991 982 4052 semper
1005 3973 1034 4032 iu
1059 3972 1137 4034 illem
1157 3978 1268 4050 purtem
1287 3969 1325 4030 le·

191 4068 289 4110 remur
309 4051 454 4130 propensi,
472 4051 527 4110 nisi
546 4055 687 4111 contrarie
706 4050 789 4137 Legis
810 4051 960 4114 oblectatio
978 4065 1033 4112 uos
1052 4047 1190 4114 retrahat.

283 4249 334 4316 17.
358 4257 377 4319 l
396 4248 513 4318 Confer
539 4273 632 4319 servo
654 4261 727 4336 tuo,
750 4253 869 4338 vivum,
896 4263 929 4321 ct
951 4251 1125 4320 custodiam
1147 4271 1325 4318 sermonem

194 4361 295 4420 tuum.
342 4355 394 4420 18.
415 4365 434 4428 t
452 4357 549 4447 Aperi
577 4357 687 4428 oculos
709 4381 816 4444 meos,
834 4371 875 4428 ‚et
900 4359 1091 4456 conspiciam
1113 4357 1265 4427 mirabilia
1286 4377 1325 4426 ex
