2816 4880
210 303 216 314 ¹
285 304 339 364 490
721 281 1007 342 r.ca'nvrnus

363 433 392 492 a.
420 427 462 488 El
485 433 644 488 u-totm.
685 422 746 484 Gna
769 423 937 486 etl-veniam
960 422 1122 505 pomulam
1142 419 1314 508 &enaddan

286 508 429 572 admorunt.
450 504 523 566 Nam
539 505 727 583 omnaque
747 505 914 584 proveniant
932 523 976 564 res
995 492 1152 575 savinae,
1168 505 1314 568 annulum

285 605 348 652 esau
367 586 422 648 Dei
442 585 684 665 depununtur
703 603 756 644 nos
775 584 810 644 ad
831 584 1033 664 poenitentiam
1055 581 1201 644 sollicitat.
1230 581 1314 664 Nanp

286 671 404 732 minime
420 664 680 727 oblactutnrmalis
700 663 819 735 nostris,
845 671 953 726 mutu
978 671 1024 724 eat
1051 669 1172 742 pennata
1188 669 1268 722 nostra
1280 686 1314 724 aa

285 750 354 810 dura
373 768 425 808 eur
443 767 496 810 uua
516 747 642 824 aspasius
660 749 770 804 trina
803 743 904 823 ltaque
922 742 1028 813 David,
1062 743 1183 804 tumetd
1199 761 1252 802 saur
1266 746 1314 822 inni

285 828 448 888 horninibus
467 828 504 886 sit
522 833 679 893 amanen,
699 843 822 902 quoium
841 830 972 904 respectu
992 823 1049 882 sibi
1070 829 1137 884 erat
1156 825 1250 900 aptius
1264 831 1314 882 ussi

285 929 352 968 rans
377 915 475 968 tanuen
499 912 529 965 et
547 905 670 986 supplex
689 906 810 984 ingenue
829 921 927 966 corum
949 901 1010 964 lieo
1031 903 1157 980 culpam
1174 901 1269 962 fateor.
1292 907 1314 962 ll

285 989 358 1048 tneo
378 986 518 1067 generalis
533 985 639 1065 regola
669 983 789 1044 tenenda
813 991 870 1057 est,
897 985 922 1044 si
947 981 1044 1044 Deum
1073 983 1159 1042 nubis
1183 983 1314 1061 propitiant

286 1065 764 1224 antistititntti
782 1059 1314 1223 filialilffliffinldil

286 1231 326 1288 tia
350 1233 380 1286 et
403 1227 560 1304 integritate
583 1241 635 1286 aaa
659 1223 762 1296 fretus,
791 1224 821 1282 iu
845 1222 899 1284 Dei
924 1229 1116 1302 marpesiam
1147 1221 1251 1298 predita
1272 1221 1314 1276 auin

286 1307 461 1386 Quanquam
474 1301 566 1366 David
581 1323 641 1366 aun
654 1309 764 1364 tantum
783 1322 837 1362 aao
856 1302 989 1381 example
1010 1299 1185 1382 praescribit
1202 1299 1313 1376 teitu,

285 1389 353 1448 liter
370 1388 478 1466 precari
497 1384 628 1454 debcant,
645 1383 695 1443 sed
717 1381 887 1462 pronnrtiet,
907 1386 1049 1442 nemiuem
1064 1380 1235 1443 modalium.
1250 1378 1314 1436 aiala

286 1487 347 1528 sain
366 1465 513 1526 dicendam
533 1471 662 1536 vundan,
680 1466 787 1522 iuratum
804 1463 875 1524 ten
900 1462 956 1522 llic
974 1481 1043 1523 varo
1066 1461 1154 1521 lomus
1172 1461 1276 1520 mutina
1287 1457 1314 1514 uto

285 1567 362 1608 mam
383 1546 550 1616 doctrinan,
569 1545 705 1604 donemur
723 1545 808 1614 emm,
827 1544 908 1602 siunti
928 1561 1020 1622 nuper
1039 1543 1139 1622 attigi,
1158 1559 1212 1602 uon
1229 1536 1314 1596 alitalta

286 1627 370 1688 nobis
389 1625 450 1686 fors
469 1626 624 1704 propitium
643 1624 756 1701 quob'ea
774 1623 811 1682 ad
830 1641 897 1684 eam
915 1623 1089 1690 aooedfmun
1112 1623 1168 1680 nisi
1180 1619 1314 1696 depositail

286 1725 418 1788 persona,
437 1706 524 1784 gratis
544 1709 658 1783 peccata
676 1703 831 1772 remittens,
851 1722 903 1762 uos
922 1702 975 1762 sibi
994 1702 1174 1762 reconciliet
1193 1697 1314 1772 Undenpt

191 1824 195 1833 -
268 1803 387 1844 ·onines
408 1784 554 1842 hominum
574 1783 692 1841 iustitias
712 1781 869 1854 concidere,
893 1782 1011 1842 simulne
1030 1788 1156 1841 ventam
1175 1785 1214 1837 est
1230 1775 1257 1834 ad
1270 1779 1314 1832 eiu]

195 1865 206 1880 “
287 1864 382 1924 buual.
404 1862 435 1921 ld
451 1860 608 1921 nnouerbo
623 1863 753 1940 quamvis
773 1881 871 1920 omnes
891 1861 1040 1933 fateantur,
1062 1863 1117 1920 vix
1137 1867 1227 1918 tamen
1243 1861 1314 1912 mutan

288 1945 410 2024 quisque
429 1943 502 2002 serio
522 1942 657 2020 agnoscit.
692 1938 765 1999 Nam
785 1941 853 2000 dum
872 1941 920 2000 alii
938 1941 1000 2018 aliis
1019 1949 1128 2000 mutuo
1149 1936 1314 2013 indulgentes

288 2043 387 2082 ornnes
407 2021 527 2081 rubeum
547 2021 601 2080 Dei
621 2020 769 2080 iudiciums
799 2022 857 2080 acsi
880 2028 938 2079 tarn
963 2019 1043 2080 facile
1070 2025 1151 2079 esset
1174 2016 1225 2074 illis
1241 2012 1314 2074 nnio

288 2123 376 2182 qnam
396 2101 505 2162 absolvi
525 2100 671 2160 hominum
692 2101 777 2160 suffra
798 2101 839 2160 is.
863 2099 921 2160 Sed
941 2119 1001 2179 quo
1021 2119 1085 2160 rem
1106 2105 1199 2156 totam
1214 2093 1314 2176 poten

287 2201 362 2256 mna,
380 2186 472 2262 primo
492 2181 648 2241 notandum
667 2186 711 2240 cst
730 2119 806 2258 quid¹
818 2179 852 2240 ait
871 2177 1023 2240 iustificari.
1044 2177 1145 2240 Locus
1164 2181 1247 2236 autem
1261 2169 1314 2228 litui

287 2263 475 2332 demonstrat,
494 2260 651 2332 iustificari,
676 2262 725 2340 qni
745 2262 835 2318 iustus
854 2277 949 2318 coram
970 2257 1033 2319 Deo
1053 2263 1207 2338 reputatur
1222 2272 1249 2310 aa
1262 2258 1314 2308 aad

286 2343 334 2400 vol
355 2359 440 2421 quern
460 2341 546 2400 iudex
566 2341 627 2420 ipse
646 2341 775 2399 coelestis
793 2345 928 2418 tanquam
949 2340 1131 2399 innocentem
1152 2333 1263 2395 absolvit
1275 2317 1314 2414 inl

286 2421 342 2482 bac
360 2423 537 2481 innocentiae
556 2420 639 2480 laude
659 2425 775 2478 nuncios
795 2419 927 2480 mortales
951 2417 1110 2480 excludens
1130 2413 1233 2486 Dauid,
1256 2409 1313 2486 signo

287 2503 312 2562 si
332 2520 387 2582 qua
408 2503 492 2562 sitin
512 2499 625 2560 Sanctis
643 2501 763 2570 iustitia,
788 2519 846 2558 non
866 2501 904 2558 itu
924 2499 1079 2579 perfectam
1100 2517 1165 2558 esse
1183 2499 1212 2554 nt
1229 2481 1312 2552 conob

286 2589 372 2744 itit
388 2588 500 2721 ‘titis
516 2586 852 2720 titittnttiiti
872 2597 975 2718 itii
999 2578 1231 2738 ‘itm
1244 2569 1311 2708 lii

287 2749 365 2802 ctare
384 2761 472 2800 unum
493 2759 523 2799 se
543 2759 605 2800 ease
623 2758 660 2799 ex
679 2738 897 2820 perfectissimis,
917 2740 941 2798 si
961 2740 1010 2819 qui
1026 2740 1134 2818 reperti
1147 2719 1311 2795 eanulfin&

286 2821 392 2882 sciebat
411 2820 502 2902 qualis
522 2819 622 2880 fuisset
630 2816 761 2878 Abrahae
779 2819 934 2897 integritas.
952 2826 982 2878 et
995 2813 1313 2880 anctorum-Pictum

287 2921 342 2966 nce
366 2900 419 2962 sibi
444 2919 497 2960 neo
521 2901 577 2960 illis
602 2905 715 2980 parcat,
745 2916 834 2958 unum
854 2897 984 2958 omuibus
1003 2898 1135 2980 placendi
1155 2894 1207 2956 Dei
1222 2885 1313 2950 nolti*

287 2979 359 3052 finit,
389 2987 421 3039 ut
445 2979 481 3038 ad
506 2979 566 3036 eius
590 2974 808 3036 miscricordiam
833 2977 1005 3058 confugiant.
1045 2975 1130 3038 Unde
1149 2971 1313 3053 ootbp'nupi

286 3058 442 3154 diabolicus
461 3057 546 3151 furor
560 3073 660 3114 eorum
679 3061 788 3150 mentes
807 3065 929 3137 occupet
949 3059 997 3136 qui
1017 3056 1103 3118 bodie
1122 3053 1216 3147 adbuc
1228 3048 1255 3108 dv
1265 3045 1313 3123 pan

286 3141 660 3298 tilttstitttntit
673 3135 1313 3296 ,islttttlttititttitstitillo

287 3295 393 3359 referti.
413 3293 561 3378 Magnifice
581 3296 819 3375 regenerationem
839 3295 989 3370 extollunt,
1008 3297 1064 3358 acsi
1084 3298 1114 3356 in
1130 3289 1313 3378 pontinianu

287 3379 399 3438 sisteret
414 3383 510 3436 totum
532 3373 639 3435 Christi
657 3393 784 3452 regnum.
805 3373 970 3454 Sedunum
992 3355 1288 3456 prancipnnmadefflll

286 3458 326 3518 ris
346 3462 432 3538 capnt
451 3453 582 3516 aboleant
602 3455 637 3514 de
656 3456 778 3536 gratuita
797 3455 1036 3530 reconciliatione,
1066 3475 1152 3536 quam
1175 3443 1312 3530 (pontidiiu

286 3556 351 3597 rere
369 3536 500 3596 iubentur
517 3535 626 3610 fideles,
646 3553 733 3614 seque
751 3541 781 3595 et
799 3535 868 3594 alios
880 3535 1093 3596 inflentuesano
1110 3543 1143 3596 et
1158 3509 1312 3666 pluggutfflss

288 3617 378 3688 fastu,
404 3615 560 3676 barbariem
579 3633 660 3674 suam
699 3614 812 3674 rodunt.
851 3612 917 3674 Sint
934 3633 1004 3694 ergo
1022 3615 1104 3676 nubis
1123 3615 1207 3674 duest
1245 3589 1312 3666 liiid

286 3696 406 3757 libenter
424 3701 613 3776 conspuerent
631 3695 660 3754 in
680 3633 780 3754 bct·-
799 3692 864 3753 liei.
903 3691 967 3754 Hoc
986 3702 1080 3755 tamen
1099 3709 1184 3754 annm
1201 3659 1312 3760 nonlmf

286 3775 358 3836 fucit:
388 3776 454 3856 quia
474 3775 598 3834 latentur
620 3775 706 3832 mam
726 3772 873 3854 Papiriae,
901 3775 925 3833 ai
945 3773 1024 3834 Dens
1044 3775 1144 3834 iudicia
1161 3773 1241 3853 parts
1254 3755 1312 3828 W

286 3855 317 3916 in
341 3855 526 3915 examinanda
551 3853 697 3913 bominum
722 3855 797 3926 uita,
825 3871 924 3913 omues
947 3854 1089 3916 subiacere
1112 3855 1198 3914 iustae
1215 3835 1312 3930 &W

182 3957 185 3970 ·
286 3933 373 3994 Elin
394 3935 448 3995 bac
468 3940 547 4016 parta
567 3933 693 3992 saniores
712 3941 788 4010 sunt,
818 3933 1011 4008 modestiores,
1039 3939 1069 3994 et
1088 3911 1312 4012 mugnisoldtt*

287 4015 440 4095 prodigiosi
460 4016 506 4074 isti
527 4011 619 4092 Cyclo
671 4012 734 4084 ‚de
754 4011 856 4092 quibus
876 4013 1012 4094 loquutus
1031 4033 1103 4074 sum.
1123 4010 1181 4072 Sed
1197 3991 1312 4088 panon

287 4095 341 4154 sibi
360 4101 492 4174 arrogent
511 4096 539 4154 in
559 4031 680 4152 sulidlbla
699 4093 848 4152 iustitiam:
877 4093 945 4153 dum
971 4101 1065 4154 tamen
1091 4096 1187 4154 merita
1201 4067 1312 4144 mill

286 4175 422 4236 factiones
443 4173 607 4244 obtrudunt,
627 4172 711 4251 lunge
725 4175 826 4232 remoti
842 4180 910 4233 sunt
922 4173 959 4233 ab
970 4174 1102 4254 exeanplo
1111 4167 1224 4234 Daritis
1238 4147 1312 4272 D‘lf‘lffi

286 4253 409 4334 aliquem
428 4273 540 4334 semper
558 4258 716 4332 agnoscunt
734 4253 762 4311 in
782 4253 841 4312 suis
861 4252 1005 4334 operibus:
1024 4253 1154 4335 ideoque,
1169 4254 1200 4310 nt
1213 4241 1288 4322 ΨΜ

287 4335 408 4406 tineant,
437 4332 591 4393 subsidium
615 4331 757 4392 advocant
778 4332 992 4392 misericordiae.
1024 4333 1122 4414 ¹,bigni
1149 4337 1213 4394 tuter
1230 4297 1311 4380 liiii*

287 4430 362 4492 quae
380 4412 527 4492 Scriptura
546 4412 618 4474 inter
637 4429 668 4472 se
688 4413 815 4493 opponit,
841 4413 911 4476 nibil
930 4419 974 4475 eat
991 4413 1125 4491 medium,
1150 4393 1262 4472 lualilfflf
1274 4387 1311 4460 ll*
