2890 4886
539 277 772 324 rarorum
799 280 857 324 mr.
966 299 969 310 ν
1211 287 1266 346 225

128 399 270 484 quadam
286 399 409 480 attingit,
427 405 462 460 nt
479 403 640 465 accumtiua
659 402 736 483 apud
754 421 786 464 re
805 403 931 484 quiaque
946 357 1060 499 reputet
1067 425 1103 468 ac
1111 407 1264 474 meditetur

125 499 187 562 qua
226 479 387 552 rovidmtia
404 478 486 542 Deua
504 485 599 542 totum
617 481 756 544 mnndum
774 487 805 542 et
822 483 947 563 ringulae
965 503 1028 546 erne
1044 493 1142 566 parter
1181 489 1263 552 uber·
1393 505 1397 516 '

126 567 186 622 net.
259 579 317 640 quc
339 577 501 622 sermonem
520 579 605 622 anam
623 559 804 642 abrumpam,
823 581 890 634 cum
907 563 1093 626 admiratione
1110 585 1149 628 ex
1240 576 1263 648 t,

130 645 230 716 Quom
253 642 454 721 magnificato
476 650 547 702 cant
570 649 750 720 opcro'tao:
772 641 857 702 ricuti
875 649 946 704 tuno
964 643 1080 708 demum
1098 645 1190 706 imtnr
1208 643 1263 708 bo·

128 739 184 782 nor
208 719 342 792 tribuimr
360 717 440 795 Dco,
464 717 513 780 ubi
535 726 656 802 atupore
677 721 801 802 correpti
824 720 947 784 latemur
982 721 1081 804 inguar
1099 731 1212 789 nomn
1231 731 1263 788 ci
1326 783 1330 804 ,

128 817 228 860 renam
247 818 347 860 omnen
366 795 494 864 deiicere
535 795 622 876 Quod
641 799 665 860 ri
684 802 786 880 exigna
806 819 925 881 opernm
975 803 1001 862 ei
1019 803 1115 883 porb'o
1134 824 1189 866 noa
1208 805 1261 868 ob-

127 884 292 959 stupescere
311 880 398 959 cogit,
417 877 573 959 quantulas
592 878 646 939 crit
664 879 769 958 ingenii
787 880 877 940 nostri
895 880 1000 942 modun
1012 891 1043 942 ut
1051 883 1172 946 solidam
1181 904 1262 968 mag·

126 957 286 1022 ailadinem
305 959 415 1040 capim?
438 955 536 1020 Primo
555 958 739 1018 autemdicit
757 958 898 1040 sapienter
917 955 1014 1020 Deam
1032 963 1128 1022 omnia
1146 963 1261 1027 iecbraa

126 1037 229 1100 dciuda
246 1037 328 1098 addit
343 1045 450 1099 terram
468 1037 583 1119 plenam
600 1056 635 1098 ac
653 1037 788 1100 refertum
806 1057 873 1100 essa
886 1039 948 1100 aina
968 1040 1065 1120 copiir.
1095 1039 1187 1104 Porro
1206 1063 1261 1106 ao-
1307 1071 1311 1089 ι

123 1119 203 1258 ι
218 1124 384 1270 ιιι
400 1116 604 1276 ιιι
621 1116 1259 1276 ιιιιιιιιιι

124 1290 198 1418 ιι
209 1273 1260 1452 ιιιιιιιιιιιιιιιιι
1288 1427 1292 1439 ,

126 1443 243 1520 repunt,
261 1435 376 1498 ubinor
395 1434 491 1496 inDei
510 1432 644 1516 operibus
661 1427 736 1516 iugit
749 1437 811 1496 eiua
830 1435 988 1496 comibum.
1009 1433 1259 1518 Qmaircrortul·

125 1519 206 1580 litiae
223 1524 339 1578 nostrae
356 1513 498 1578 obnoxiae
517 1517 555 1574 ait
572 1511 664 1590 Dour,
683 1521 717 1574 ut
735 1520 854 1596 cogatur
870 1513 1093 1596 reprehensores
1103 1517 1187 1595 inrue,
1206 1520 1259 1601 qui

126 1599 158 1660 iu
175 1594 340 1680 reputandis
359 1596 420 1658 aina
439 1591 573 1674 operibna
591 1594 761 1655 caecutiunt.
799 1591 911 1656 Eodem
929 1614 1046 1676 quoqne
1064 1595 1158 1678 elogio
1177 1618 1257 1661 vera·

126 1678 203 1740 niam
222 1695 323 1738 eornm
342 1694 409 1736 coar
448 1676 471 1735 it
478 1673 635 1754 Propheta,
654 1675 710 1754 qni
723 1673 863 1734 mnndum
882 1673 1002 1737 fortuito
1021 1677 1176 1738 omnum
1194 1696 1259 1742 arao

125 1755 396 1914 panppppp
413 1755 561 1896 ditm}
580 1752 1259 1898 “littltlla‘lmttttl'lffl
1324 1881 1326 1892 ,

126 1855 294 1980 poepudcpm
313 1913 449 1978 fabricam
467 1919 498 1974 et
516 1846 711 1974 ipamupmbffi
730 1919 833 1974 ornatu
852 1912 1022 1984 distinctam,
1041 1934 1079 1976 ex
1097 1857 1184 1978 calci
1196 1923 1257 1978 ato·

91 2037 106 2068 ι,
125 2013 241 2058 morum
261 2012 401 2054 concursu
420 1998 583 2054 concrctam
601 1991 698 2066 suinae,
716 1988 862 2073 Propheta
880 1989 929 2053 hic
947 2011 1001 2052 nor
1014 1991 1071 2054 Dei
1090 1997 1259 2076 sapientiam

125 2083 156 2138 et
179 2073 341 2134 incredibile
365 2073 515 2134 artificium
539 2070 618 2152 quod
642 2068 716 2130 relul
751 2072 817 2131 tiu
842 2077 902 2144 tota
926 2071 1026 2133 mundi
1045 2071 1258 2153 gubernatione,

125 2153 286 2234 diligentins
304 2151 451 2212 attendero
469 2150 558 2212 iubet.
585 2147 648 2210 Sub
668 2173 706 2230 op
794 2149 1043 2230 comprehenditur
1062 2150 1171 2213 bonitas
1190 2151 1258 2230 Dei,

125 2241 156 2295 ct
174 2231 365 2294 beneficentia.
385 2227 722 2312 Neqnecnimaibidivcr
741 2235 793 2304 eat,
812 2230 863 2289 aed
881 2229 912 2290 in
930 2228 1038 2290 bonum
1055 2237 1188 2292 noatrum
1207 2253 1257 2294 ex·
1329 2291 1342 2308 ,

125 2315 241 2385 uberat,
263 2329 300 2372 nc
322 2312 392 2394 quid
411 2312 442 2370 iu
464 2330 535 2370 urna
553 2315 668 2368 nostroe
691 2307 772 2370 derit.
812 2305 929 2368 Terram
949 2328 1018 2370 vero
1037 2329 1097 2371 non
1116 2330 1178 2371 ease
1197 2317 1257 2374 tam

125 2391 292 2454 foecundam
315 2411 332 2452 a
355 2393 449 2472 aeipau
467 2389 515 2450 vel
538 2387 724 2469 locupletem,
752 2387 803 2449 red
825 2386 998 2450 liberalitatis
1017 2385 1074 2450 Dei
1097 2391 1256 2453 ministram

123 2473 206 2536 uobis
223 2477 358 2532 tentatum
376 2489 440 2532 ema
458 2469 551 2530 debet

205 2553 253 2614 25.
272 2553 340 2612 Hoc
357 2573 440 2612 marc
458 2571 612 2632 magnum.
643 2545 803 2629 Postquam
822 2547 858 2610 da
876 2549 996 2612 tarteria
1015 2549 1121 2632 gloriae
1139 2547 1196 2612 Dei
1216 2556 1257 2610 la·

125 2631 263 2694 admouiir
288 2632 472 2692 concionatur
495 2635 554 2700 eat,
583 2629 614 2688 in
635 2647 715 2690 mare
739 2649 855 2710 quaqua
873 2629 1033 2706 adscendit,
1062 2629 1166 2692 docens
1185 2629 1257 2692 iliad

123 2715 478 2853 ι
495 2707 1258 2856 ιιιιιιιιιιι

123 2811 299 2941 :imitabile
323 2831 488 2949 praeuertiln
508 2867 577 2926 dum
596 2887 673 2928 nune
692 2809 784 2962 pentla
803 2874 832 2929 ct
850 2875 908 2930 tem
947 2810 1065 2930 statibus
1084 2869 1257 2942 intumescit,

124 2969 202 3012 nanc
221 2947 350 3010 cadalum
369 2949 479 3009 recidet.
503 2945 564 3006 lam
582 2948 725 3027 navigatio
745 2949 912 3026 quamrira
950 2948 1099 3009 bominum
1116 2947 1257 3010 industria

123 3029 251 3128 ppolecta
270 3031 321 3104 ait,
341 3027 445 3110 pendet
462 3035 558 3088 tumen
577 3046 616 3088 ex
633 3025 690 3087 Dei
710 3027 900 3108 providentia,
925 3030 975 3108 qui
994 3028 1147 3089 transitum
1164 3025 1257 3089 homi-

123 3111 268 3254 pupploneci
279 3208 338 3249 nou
353 3208 453 3328 parum
469 3184 624 3266 amplificat
637 3187 667 3245 in
681 3187 762 3246 mari.
781 3189 950 3248 Balnearum
968 3195 1065 3248 tamen
1074 3187 1122 3247 vel
1141 3193 1257 3251 coetum

143 3271 284 3408 ιι
300 3268 361 3408 ι
458 3267 528 3407 ι
542 3266 645 3407 ιι
662 3263 1258 3408 ιιιιιιιιιι

123 3371 219 3492 recl-lb
238 3367 430 3488 innuppoohb
449 3427 567 3491 texitur.
607 3422 684 3502 Quia
701 3386 799 3486 anterii
811 3365 914 3486 (prom
933 3423 994 3486 einr
1012 3425 1118 3504 ingenti
1138 3366 1257 3484 conclur-

124 3511 206 3571 aiona
229 3527 288 3568 non
310 3509 406 3568 minuc
431 3505 518 3568 corda
542 3505 693 3566 hominnm
718 3522 805 3585 qnam
828 3524 908 3565 mare
927 3501 1088 3584 perturbat,
1111 3500 1256 3584 Propheta
1309 3571 1315 3580 ,

123 3587 201 3650 bunc
220 3594 331 3650 motum
350 3589 432 3648 lacera
451 3585 566 3647 nomine
591 3583 733 3665 designat,
755 3591 888 3666 respectu
906 3580 977 3644 Deir
1000 3584 1060 3650 acri
1083 3582 1188 3646 diceret
1207 3579 1257 3644 ba·

123 3668 213 3730 laenia
232 3667 332 3730 datum
350 3687 413 3729 erae
431 3684 566 3747 eampum
584 3663 666 3726 illum
685 3663 716 3724 in
735 3684 795 3745 qun
814 3683 846 3726 aa
864 3669 1025 3756 ueroeam.

207 3849 262 3918 27.
284 3849 399 3917 Omnia
421 3849 461 3917 ad
481 3859 515 3917 te
535 3848 707 3942 respiciunt
726 3857 764 3915 ut
784 3845 841 3916 dea
861 3869 967 3916 escam
984 3867 1096 3916 comm
1110 3855 1256 3934 tempore

121 3979 193 4029 auo.
220 3957 276 4024 28.
298 3955 398 4026 Dabis
413 3955 484 4040 illia,
506 3955 669 4047 colligent:
690 3945 811 4046 aperies
832 3975 963 4022 manum
984 3964 1081 4038 tuam,
1102 3949 1257 4020 satiabun-

121 4072 173 4132 tur
195 4063 296 4132 bono..
337 4064 392 4131 29.
424 4061 611 4130 Abscondes
633 4061 745 4132 [aciem
766 4071 864 4143 tuam,
884 4060 1099 4130 terrebuntur:
1128 4055 1256 4148 colliges
1324 4141 1327 4148 Ι

121 4168 267 4260 spiritum
294 4192 422 4251 eorum,
449 4168 607 4251 deliniant,
635 4178 669 4236 et
692 4167 726 4234 in
747 4165 916 4267 pulverem
934 4187 1029 4234 auum
1050 4173 1256 4233 revertentur.

119 4274 174 4344 30.
206 4271 342 4346 Emittcs
363 4273 517 4368 Spiritum
538 4284 646 4358 tuum,
671 4273 872 4351 creabuntur:
887 4361 890 4370 .
904 4282 937 4343 et
957 4269 1123 4340 renovabis
1145 4269 1256 4338 faciem

118 4391 230 4452 teme.

143 4490 499 4536 cava-:mmmm
721 4565 727 4571 ι
902 4469 942 4534 15

264 3130 279 3169 r
297 3127 387 3189 aquai
406 3107 554 3168 concessit.
594 3105 653 3166 Sed
676 3107 796 3188 piscium
816 3106 987 3169 abnndantia
1006 3113 1037 3168 et
1055 3108 1175 3166 varietas
1195 3108 1262 3186 glo,
1365 3123 1374 3142 ¹
