2890 4886
520 291 837 338 spernamus.
983 272 991 289 ¹
1194 303 1247 363 209

57 413 66 430 ⁰
110 415 183 476 setis
202 429 302 474 snmus
321 411 403 472 nobis
422 413 547 476 ooureii'l
580 411 661 494 'Ergo
681 413 804 496 Spiritus
828 435 881 498 per
900 437 933 478 oe
953 417 1115 500 Prophetae
1132 421 1248 506 obliqu'e

110 494 199 556 uobis
217 490 375 572 exprobrat
393 494 471 573 quod
491 513 550 553 nou
569 496 658 574 magis
677 493 767 556 seduli
786 497 874 556 simus
894 498 929 557 ad
948 497 1122 566 laudandum
1138 499 1248 566 Deum:

110 573 259 653 m‘ruulque
278 571 435 632 remedium
455 573 587 646 ostendit,
606 580 640 633 ut
659 575 779 656 quisque
798 575 829 634 in
848 577 974 657 seipsum
993 578 1174 657 descendens,
1192 589 1247 644 tar·

110 653 235 714 ditatam
255 669 336 710 snam
362 651 493 733 corrigat.
533 651 607 713 Nam
631 662 750 714 animae
773 656 889 716 nomine
914 675 972 716 non
997 664 1162 736 contentus,
1188 683 1248 742 qno

109 732 192 794 baud
212 729 297 791 dubie
317 729 413 791 sedern
432 732 632 813 intelligentiae
650 739 681 792 et
694 734 848 794 affectuum
862 735 1010 816 significat,
1030 738 1143 800 intimas
1163 737 1248 802 etiam

111 813 177 873 eins
197 817 292 892 partes
311 808 415 872 diserte
435 811 574 892 adiungit,
598 815 680 893 quani
699 819 824 884 mentem
844 819 873 876 et
893 834 944 876 eor
966 833 1066 893 auum,
1092 838 1248 902 omnesque

110 893 265 972 utriusque
286 889 438 952 facultates
461 892 642 973 compellans.
688 890 748 971 Qui
773 901 843 954 tero
867 895 906 954 ita
933 896 1056 974 seipsum
1082 897 1248 1038 allopuitur,
1302 913 1306 918 “
1359 957 1360 960 ,

111 973 198 1054 quasi
217 972 334 1032 remotis
353 967 464 1032 arbitris
484 990 580 1034 onrnrn
599 971 664 1032 Deo
684 991 782 1032 seeum
801 972 868 1054 agit.
907 970 946 1036 Et
970 977 1101 1058 repetitio
1127 997 1143 1044 o
1187 999 1246 1042 eur·
1328 1037 1331 1051 ‚

110 1051 217 1134 phasin
237 1049 326 1110 valet:
350 1050 408 1110 acsi
427 1051 587 1112 tarditatem
606 1070 686 1112 suam
706 1059 844 1133 argueret.

195 1135 225 1194 2.
244 1130 293 1190 Ne
312 1130 499 1192 obliviscaris.
525 1129 587 1191 Hac
605 1131 742 1210 particula
762 1133 904 1206 admonet,
924 1131 1019 1194 Deum
1040 1136 1098 1198 sois
1117 1133 1246 1218 partibus

110 1229 177 1274 nou
195 1209 292 1269 messa
312 1213 382 1288 quin
401 1210 561 1291 suppeditet
578 1209 687 1290 largam
706 1209 750 1270 aui
768 1211 902 1272 laudandi
921 1216 1078 1285 materiam,
1091 1209 1190 1278 *modo
1209 1237 1247 1278 ue

112 1291 242 1356 obstaret
260 1286 342 1348 nobis
361 1292 476 1370 propria
495 1290 676 1370 ingratitudo.
695 1289 740 1351 Ao
758 1292 853 1371 primo
868 1292 982 1372 quidem
997 1293 1088 1368 docet,
1107 1295 1173 1357 ideo
1187 1304 1246 1358 tam

111 1368 268 1432 liberaliter
286 1367 435 1430 uobiscum
453 1387 551 1450 agere,
571 1376 604 1429 ut
623 1389 675 1450 per
693 1390 746 1430 nos
766 1370 925 1432 celebretur
945 1392 1048 1434 nomen
1068 1395 1166 1439 auum:
1196 1377 1247 1438 sed

111 1451 227 1514 iuterim
272 1449 416 1530 erstringit
438 1455 565 1510 nostram
584 1451 753 1524 vanitatem,
782 1469 856 1531 quaa
879 1471 933 1512 nos
952 1452 1009 1512 atio
1029 1455 1130 1536 quovis
1150 1458 1246 1537 potius

111 1530 198 1611 rapit
265 1529 294 1587 ui
312 1527 346 1590 fit
365 1530 441 1590 euim
460 1534 494 1590 ut
512 1529 542 1590 iu
560 1526 616 1590 hoe
635 1532 789 1626 praecipuo
808 1531 944 1592 exercitio
946 1533 1076 1670 apietatis
1095 1533 1166 1596 adeo
1186 1543 1246 1596 tor·

111 1627 244 1696 pannus,
263 1608 316 1669 uisi
336 1609 414 1689 quod
432 1609 568 1669 immensa
587 1607 643 1670 Der
662 1608 806 1684 beneficia,
854 1629 907 1670 uae
926 1631 946 1692 p
975 1630 1022 1673 am
1041 1615 1122 1675 coelo
1142 1620 1171 1675 et
1190 1622 1245 1678 ter·

110 1688 482 1848 :t‘mttt'ttlitiit
490 1687 846 1830 litttlllttti‘
860 1692 1246 1839 ttitl'tttlilltt

113 1853 202 1914 docet
220 1847 379 1931 Propheta,
397 1867 487 1928 quum
507 1849 600 1908 solum
620 1811 748 1908 ‹bblivisei
769 1856 856 1910 vetat.
963 1921 966 1926 1
1005 1791 1025 1854 p
1058 1794 1078 1854 p

194 1933 223 1993 3.
245 1936 304 2005 Qui
360 1936 476 2010 opitius.
505 1927 590 1989 Nono
609 1947 660 2008 per
679 1930 786 2008 rpecies
805 1937 953 1992 enumerat
970 1929 1113 2010 beneficia,
1133 1935 1163 1995 in
1182 1936 1246 2016 qni-

111 2013 169 2074 bus
189 1951 359 2091 reputandisr
370 2028 423 2068 nos
443 2010 525 2068 nimis
544 2007 697 2068 obliviosos
717 2015 747 2068 et
766 2009 899 2070 socordes
919 2031 981 2071 esse
1002 2011 1105 2074 docuit.
1125 2012 1187 2076 Neu
1204 2023 1245 2076 te·

112 2110 193 2154 mere
213 2090 249 2150 ab
268 2089 324 2149 hoe
343 2088 434 2169 capite
453 2087 572 2164 orditur,
592 2087 670 2167 quod
693 2087 771 2149 Deos
790 2091 912 2170 peccatis
932 2091 1074 2170 ignoscm:
1115 2095 1161 2154 uia
1181 2117 1246 2176 gra·

109 2175 185 2234 tuite
204 2170 394 2232 reconciliatio
414 2167 478 2228 lons
497 2173 541 2229 est
560 2168 635 2228 unde
654 2169 762 2248 reliqua
783 2171 878 2230 omnia
898 2171 1065 2232 scaturiunt
1085 2114 1148 2234 lbet
1168 2176 1244 2236 euim

112 2252 152 2314 ad
170 2252 274 2332 impios
293 2267 409 2330 quoque
428 2267 459 2308 se
477 2248 608 2308 diffundit
628 2247 811 2308 beneficentia
832 2245 901 2322 Dei,
926 2249 997 2310 adeo
1018 2259 1113 2313 tamen
1133 2272 1166 2314 ea
1186 2273 1246 2314 non
1319 2285 1322 2290 ·

112 2333 262 2404 fruuntur,
292 2336 385 2390 utne
447 2335 522 2388 stum
546 2329 662 2408 quidem
686 2329 808 2410 capiant.
849 2327 987 2388 Omnium
1011 2350 1079 2411 ergo
1105 2332 1246 2399 bonorum

137 2429 239 2472 uorum
252 2425 319 2470 vera
333 2417 363 2468 et
378 2427 410 2468 so
423 2409 466 2468 'da
485 2407 583 2469 lroitio
602 2407 638 2468 ad
657 2427 711 2468 noa
732 2409 869 2490 pervenit,
889 2408 946 2468 hoc
963 2410 1074 2471 initium
1094 2419 1147 2488 est,
1167 2413 1246 2494 quod

145 2509 197 2550 eus
221 2497 337 2571 peccata
360 2495 456 2550 nostra
482 2489 567 2569 gratis
592 2487 757 2548 condonans
781 2495 811 2548 et
831 2487 964 2562 abolens,
992 2491 1021 2550 iu
1047 2493 1166 2571 gratiam
1191 2511 1246 2554 nos

112 2571 224 2650 recipit.
262 2568 323 2628 lmo
343 2574 524 2649 peccatorum
544 2569 671 2628 remissio
691 2567 760 2628 duur
778 2567 862 2628 nobie
881 2566 978 2630 Deum
998 2571 1141 2651 propitiat,
1161 2571 1247 2634 simul

114 2653 202 2712 etiam
221 2647 378 2710 sanctificat
397 2639 581 2728 dnaecunque
602 2647 720 2727 largitur
738 2645 820 2707 nobis
839 2647 931 2722 bona,
961 2655 993 2708 ut
1012 2651 1042 2709 iu
1062 2649 1184 2712 salutem
1203 2671 1246 2712 ce·

114 2731 194 2792 daut.
224 2728 386 2788 Secundum
406 2726 564 2788 membrum
584 2725 631 2786 vel
650 2728 780 2808 repetitio
800 2734 844 2788 est
862 2727 988 2788 eiusdem
1008 2731 1180 2805 sententiaa,
1200 2730 1248 2792 vel

114 2811 201 2871 latins
221 2815 306 2890 patet.
347 2806 420 2868 Nam
440 2808 470 2866 hi
489 2813 556 2866 sunt
574 2807 712 2887 gratuitae
731 2808 831 2867 veniae
850 2807 975 2880 effectus,
995 2809 1074 2888 quod
1094 2807 1175 2870 Deua
1195 2825 1249 2870 nos

114 2890 298 2970 Spiritusne
318 2887 486 2967 gemmans,
506 2888 748 2966 concupiscentias
767 2887 859 2946 carnia
879 2886 1041 2962 mortificat,
1060 2895 1089 2948 et
1108 2908 1161 2950 nos
1180 2909 1247 2970 pur·
1343 2916 1360 2954 ῃ

112 2975 166 3050 gat
185 2987 205 3030 a
222 2968 313 3041 vitiis,
332 2985 488 3046 veramque
508 2968 571 3045 pise
590 2972 620 3026 et
639 2972 733 3028 aeetae
753 2967 828 3027 vitae
847 2968 996 3026 uanitatem
1015 2968 1149 3029 restituit.
1188 2967 1250 3048 Qui
1291 3010 1293 3020 ·
1347 3003 1349 3008 ·
1391 3011 1394 3020 r

115 3065 186 3108 vero
206 3047 369 3129 intelligunt
387 3055 491 3107 reneri
510 3048 699 3126 infimitates
717 3043 822 3121 aDeo,
842 3048 910 3126 qnia
929 3045 978 3108 ubi
998 3052 1113 3127 peccata
1133 3049 1250 3127 remisit,
1296 3118 1297 3128 ἵ

115 3127 202 3188 simul
226 3146 279 3186 noa
304 3145 320 3186 a
345 3126 538 3206 corporalibus
557 3123 663 3186 morbis
683 3125 797 3185 liberat:
827 3125 960 3187 videntur
984 3126 1068 3185 nimis
1092 3127 1187 3188 iciuue
1206 3123 1251 3188 re-

116 3207 187 3270 etrin
209 3225 257 3266 ere
276 3205 434 3286 Prophetae
454 3225 577 3266 sensnm
617 3202 715 3283 Quare
738 3225 798 3266 non
818 3203 928 3280 dubito,
947 3204 1117 3266 medicinam
1137 3205 1173 3266 de
1192 3225 1250 3286 qua

115 3227 261 3368 Propheta
277 3287 413 3366 loquitur,
434 3293 561 3366 spectare
580 3285 616 3346 ad
636 3283 786 3344 delendum
805 3291 927 3357 reatum,
947 3284 1048 3346 deinde
1068 3285 1104 3344 od
1125 3285 1251 3346 curanda

114 3367 187 3428 vitia
205 3385 279 3446 quae
304 3365 386 3426 nobis
410 3365 572 3439 inhaerent,
601 3364 679 3445 quod
703 3362 737 3422 lit
756 3362 866 3443 Spiritu
884 3365 1113 3442 regenerationis.
1153 3364 1251 3446 Siquis

115 3447 232 3508 tertium
251 3445 354 3506 addere
375 3445 457 3520 velit,
523 3446 560 3504 od
580 3441 659 3504 Deus
678 3441 761 3504 uobis
781 3443 923 3524 placatus,
948 3445 1034 3502 etiarn
1053 3462 1160 3523 poenas
1181 3464 1249 3505 oon·

115 3525 212 3595 donet,
232 3545 290 3585 nou
310 3543 446 3605 repugno.
476 3465 628 3586 &incamus
645 3526 754 3584 interea
773 3540 810 3583 ex
830 3521 886 3582 hoo
905 3520 985 3596 loco,
1006 3521 1098 3582 donee
1118 3523 1249 3584 coelestis

113 3604 242 3666 medicare
262 3623 346 3682 opem
365 3604 446 3664 nobis
465 3603 547 3680 ierat,
566 3622 620 3666 nos
638 3623 698 3666 non
716 3608 827 3664 tantum
842 3600 1032 3662 inlusionem
1047 3601 1155 3690 multra
1175 3621 1250 3668 rnor-

115 3683 186 3758 bos,
205 3683 254 3743 sed
274 3684 359 3743 etiam
378 3690 492 3744 mortes.

195 3763 224 3826 4.
251 3768 310 3837 Qui
328 3766 453 3824 redimit.
484 3762 596 3824 Clarius
616 3763 751 3844 exprimit
769 3759 861 3841 qualis
880 3761 917 3826 sit
935 3765 1034 3831 nostra
1054 3760 1179 3846 conditio
1200 3779 1249 3820 an·

115 3847 230 3922 tequam
255 3842 336 3902 malis
360 3844 465 3904 nostris
489 3842 569 3902 Deus
593 3843 753 3916 medeatur,
782 3861 886 3922 nempe
909 3848 1039 3902 mortuos
1066 3861 1128 3900 esse
1152 3847 1182 3899 et
1207 3859 1251 3900 se·

113 3923 216 4003 pulcro
241 3911 370 3984 devotos.
410 3923 479 4000 Quo
504 3922 592 4003 pluria
616 3923 765 3984 aestimare
789 3922 923 3982 convenit
942 3917 998 3981 Dei
1018 3919 1250 3993 misericordiam,

113 4003 182 4081 quia
201 4000 331 4060 liberatio
351 4008 396 4062 ent
415 4021 433 4062 a
451 4007 544 4062 morte
563 4009 592 4062 et
606 4003 729 4062 interitu.
751 3999 824 4061 Nam
838 4002 862 4061 si
875 4001 987 4062 initium
1000 3999 1154 4079 spiritualis
1165 3999 1251 4073 vitae,

113 4082 282 4142 resurrectio
302 4087 345 4140 eet
364 4101 380 4140 a
401 4081 546 4160 sepulcro:
567 4080 636 4159 qnid
656 4082 713 4142 iam
733 4081 874 4160 reliquum
894 4083 948 4140 erit
967 4077 1128 4140 hominibus
1144 4077 1172 4135 in
1190 4097 1250 4156 quo

113 4158 167 4220 sibi
186 4160 335 4256 placeant?
364 4159 468 4220 Postea
488 4160 572 4220 dooet
589 4159 748 4255 Propheta,
768 4161 876 4256 tamin
895 4161 959 4240 ipro
972 4157 1116 4253 'prinpipio
1137 4156 1247 4250 salutis,

112 4238 1250 4400 iiiiii„t?attilii&tigittilliriiuitittitt

112 4419 172 4460 esee.
192 4397 273 4459 Dicit
287 4405 383 4458 autem
399 4417 453 4460 uos
468 4398 523 4458 illis
538 4397 719 4461 circumdari:
739 4400 820 4480 quasi
830 4399 945 4470 diceret,
964 4395 1102 4470 alroute,
1121 4413 1139 4456 a
1158 4402 1249 4478 tergo,

134 4495 244 4544 &sirim
257 4495 279 4536 in
294 4495 376 4538 ream.
389 4495 451 4537 ϊοι.
465 4495 495 4552 R.
559 4529 563 4536 .
933 4477 973 4540 14

211 4751 218 4795 l
