2816 4880
475 329 519 371 rs
548 328 627 368 rsa
645 327 705 367 aar.
734 325 833 366 texens.
1166 321 1217 378 491

94 461 148 521 ltus
167 464 196 518 et
214 453 364 516 iustificari
384 452 451 526 ilde,
486 449 583 511 Stulte
601 469 633 508 er
652 469 669 508 o
690 447 821 528 Papiatac
839 447 950 506 tertiam
969 446 1220 506 comminiscuntur

94 540 239 609 iustitiam,
259 553 345 616 qnam
366 534 467 612 partim
482 533 541 590 suis
558 471 689 612 uperiius
708 529 864 608 acquirunt,
885 527 985 606 partim
998 525 1075 584 llens
1096 545 1148 604 pro
1168 545 1219 586 sua

96 617 270 698 indulgentia
288 617 419 693 imputet.
448 609 486 670 Et
504 617 581 670 certe
600 609 647 669 uie
667 607 759 667 David
786 608 924 668 neminem
945 607 1105 666 mortalium
1125 623 1222 665 eorem

96 697 162 757 Deo
182 705 321 756 staturum
346 691 505 765 affirmans,
534 691 558 749 si
577 707 663 770 opera
682 689 713 746 in
733 687 865 746 iudicium
887 693 1038 758 vocentur,
1063 705 1120 744 non
1141 685 1222 766 fingit

97 777 239 857 duplicem
257 775 335 834 illam
354 771 499 842 iustitiam,
519 769 569 830 sed
588 775 662 829 recte
681 787 734 826 nos
754 767 790 826 ad
805 767 877 826 hane
890 767 1118 846 consequentiam
1129 773 1221 836 vocet,

99 855 195 916 Deum
214 854 295 914 cobis
314 853 376 911 loro
394 851 548 930 propitium
569 855 707 929 quatenus
727 853 770 906 est
790 846 962 918 misericors,
992 847 1058 925 qula
1082 848 1223 904 evanescit

99 953 196 996 eoram
214 951 251 994 co
270 931 402 1013 quicquid
423 930 544 988 iustitiae
564 948 595 987 sa
613 927 714 987 afferre
733 926 860 986 homines
880 925 1026 1006 putabunt.

179 1019 208 1076 3.
229 1019 310 1089 Quia
325 1019 516 1092 persequutus
534 1019 584 1104 ast.
625 1006 780 1086 Postquam
800 1006 946 1066 centenus
964 1011 1008 1064 cst
1022 1003 1117 1063 David
1136 1005 1224 1064 instas

101 1093 436 1233 trtittittt‘t
446 1085 852 1248 titittttitit
869 1084 1226 1224 'iiuiiffliquii

103 1253 279 1334 exprimitur,
304 1249 383 1330 quod
401 1249 494 1308 satiari
513 1253 656 1326 nequeant
673 1247 726 1305 nisi
745 1246 885 1304 mstinotu
904 1250 1004 1302 sancto
1024 1245 1093 1314 siro,
1118 1247 1176 1302 imo
1195 1263 1226 1304 se

102 1335 159 1392 iam
178 1333 237 1391 vita
260 1331 411 1412 spoliatum
436 1326 516 1400 dieii,
545 1328 598 1386 nisi
622 1325 750 1385 celeriter
768 1323 849 1384 Dens
867 1331 1023 1383 succurrat.
1065 1319 1129 1382 Non
1149 1325 1226 1382 enirn

103 1411 267 1494 simpliciter
285 1427 316 1469 se
335 1413 481 1486 comperet
501 1405 608 1466 homiui
628 1411 757 1478 mortuo,
786 1405 835 1464 sed
855 1404 968 1483 putrido
989 1401 1129 1462 cadaveri:
1160 1405 1227 1483 qnia

16 1543 20 1558 ,
124 1511 156 1550 er
174 1501 305 1550 mortuos
323 1489 411 1548 seculi
430 1486 558 1566 inlelligit
577 1485 627 1566 qui
646 1484 756 1565 pridem
770 1483 872 1542 sublati
888 1491 955 1542 sunt
968 1481 1109 1541 emendo.
1132 1483 1227 1564 Atque

103 1513 148 1630 in
168 1569 260 1628 verbis
284 1568 380 1640 dccci,
410 1585 468 1625 non
493 1564 580 1625 modo
605 1566 632 1624 in
656 1563 758 1623 morbo
783 1563 858 1622 letali
888 1561 1030 1622 eonlidcre
1052 1560 1143 1621 ileum
1174 1561 1247 1621 sihi·

104 1651 167 1709 iore
185 1648 340 1721 medicum,
371 1645 421 1704 sed
448 1647 577 1726 quamvis
601 1645 685 1724 longe
706 1643 847 1702 oblivione
867 1641 976 1721 sepulta
996 1649 1071 1722 esset
1089 1643 1147 1700 vita
1167 1661 1228 1715 sua,

104 1727 211 1788 inlici
234 1735 329 1787 tanreu
354 1743 441 1785 manu
464 1743 525 1786 esse
550 1725 782 1784 resurrectionem
807 1740 863 1802 qua
888 1724 994 1781 cineres
1019 1721 1047 1780 in
1072 1721 1160 1781 vitam
1186 1740 1227 1781 re-

106 1810 212 1868 stituat.
1109 1818 1113 1828 ’

195 1983 227 2058 4.
263 1985 307 2054 Et
328 1985 497 2052 involvitur
519 2007 613 2074 super
634 2007 686 2051 me
709 1983 834 2074 spiritus
856 2005 962 2064 meus,
988 1983 1020 2048 in
1042 1981 1146 2050 medio
1169 1983 1231 2051 mei

108 2097 278 2172 attonitum
312 2103 360 2160 est
387 2115 442 2158 eor
473 2113 590 2158 meum.
635 2090 666 2156 5.
699 2088 893 2158 Recordatur
920 2109 992 2156 sum
1015 2087 1136 2154 dierum
1159 2089 1233 2154 enti·

108 2223 260 2294 quonum,
282 2197 447 2265 meditatus
470 2217 542 2262 sum
563 2195 595 2260 in
619 2194 765 2260 omnibus
787 2192 875 2260 iactis
897 2194 977 2259 luis:
999 2192 1032 2258 iu
1055 2216 1150 2284 opere
1172 2195 1233 2260 ma}

110 2331 211 2376 nuum
233 2315 358 2372 tuarum
379 2301 546 2369 meditatus
575 2321 657 2367 sum.
701 2301 732 2365 6.
764 2297 910 2390 Expandi
937 2321 1049 2366 manus
1076 2323 1162 2368 meas
1195 2301 1235 2366 ad

111 2423 154 2491 te,
176 2413 278 2478 anima
301 2433 372 2476 mea
393 2407 473 2476 sieut
494 2417 574 2474 terre
596 2405 664 2476 sine
686 2430 766 2496 equa
788 2407 852 2472 tibi.
897 2404 1001 2474 Selah.
1047 2405 1078 2474 7.
1099 2405 1234 2486 Festina,

113 2517 268 2608 responde
294 2514 372 2582 mihi
397 2512 527 2595 lehova,
559 2511 662 2580 deficit
687 2511 821 2603 Spiritus
849 2535 955 2579 meuse
989 2535 1029 2579 ne
1062 2513 1235 2579 abscondas

112 2623 223 2692 faciem
244 2631 332 2689 tuam
354 2645 371 2687 a
394 2641 455 2702 me,
477 2619 549 2712 quia
572 2617 680 2686 similis
702 2643 756 2686 ero
779 2617 1036 2686 descendentibus
1053 2619 1085 2684 in
1102 2617 1235 2686 foveam.

192 2767 221 2830 4.
242 2769 281 2828 Er
301 2766 467 2826 inuoluitur.
507 2760 554 2822 Dc
572 2737 696 2822 cisternis
716 2761 919 2824 calamitatibus
938 2763 1083 2843 loquutus,
1102 2783 1177 2822 nune
1196 2763 1235 2823 iu·

114 2853 191 2907 tetur
210 2845 294 2905 animi
314 2846 357 2903 sui
378 2842 578 2915 infirmitatem,
598 2843 673 2901 unde
692 2843 850 2923 colligimus
869 2863 926 2902 noo
947 2861 1061 2902 saxeam
1075 2843 1163 2902 fuisse
1176 2845 1237 2902 eius

115 2925 317 2998 fortitudinem,
336 2923 386 2982 sed
406 2943 495 3002 quum
514 2939 643 2982 moerore
662 2921 780 2982 obrutus
798 2929 872 2982 esset
891 2924 1045 2982 secondum
1065 2925 1157 2982 earnis
1175 2941 1236 2984 seu·

116 3025 189 3076 sum,
209 3005 268 3064 sols
287 3002 343 3062 fide
361 3001 523 3083 etSpiritus
543 3003 631 3080 grstia
646 3001 797 3062 subnixum
807 3003 925 3062 stetisse.
947 2999 1015 3080 Quo
1035 3003 1166 3084 exemplo
1187 3005 1237 3063 do·

117 3103 224 3156 comer,
244 3084 267 3142 si
287 3083 400 3162 quando
419 3101 472 3140 uos
492 3081 637 3140 debilitent
649 3081 823 3154 aillicfiones,
843 3085 901 3154 imo
917 3081 975 3142 iere
990 3085 1159 3154 exaniment,
1179 3105 1237 3143 non

118 3173 180 3224 es'sc
199 3169 293 3222 tamen
313 3180 328 3220 a
348 3161 425 3220 lucta
445 3159 647 3220 desistendume
671 3163 738 3240 quia
757 3161 835 3220 debit
854 3161 966 3222 landem
986 3160 1066 3222 Deus
1085 3180 1238 3244 emergere,

119 3242 206 3304 modo
225 3242 299 3300 inter
317 3257 382 3298 suas
401 3241 555 3300 anxietates
575 3259 626 3301 cor
644 3245 773 3300 nostrum
792 3240 828 3298 ad
853 3261 919 3300 cum
943 3242 1076 3322 adspiret.
1116 3240 1154 3300 Et
1174 3263 1238 3322 pro·

119 3325 200 3384 ximo
222 3339 309 3380 versu
333 3325 536 3379 commemorat
559 3317 653 3378 David
677 3319 775 3378 sedulo
799 3338 830 3378 sc
853 3320 1007 3380 remedium
1032 3323 1173 3400 quaesisse
1203 3321 1240 3380 ad

120 3403 182 3464 miti
203 3399 290 3460 andos
310 3397 429 3457 dolores.
450 3396 605 3480 Plerosque
623 3399 697 3458 enim
712 3405 814 3478 sponte
828 3417 858 3457 se
871 3400 1000 3478 ignaviec
1014 3399 1155 3472 dedentes,
1176 3420 1239 3460 suo-

122 3421 257 3541 cumiscrc
274 3479 378 3538 mirum
398 3496 455 3536 uon
474 3483 530 3536 est:
559 3478 627 3558 quio
645 3495 682 3536 ex
701 3478 895 3538 recordatione
914 3479 1019 3560 gratiae
1038 3477 1094 3538 Dei
1114 3481 1240 3560 vigorem

122 3561 256 3640 colligere
278 3557 434 3638 negligant.
473 3554 581 3617 Verum
604 3557 720 3638 quidem
744 3563 788 3618 cst
811 3558 971 3617 exacerbari
996 3559 1136 3618 interdum
1165 3561 1240 3620 mala

121 3646 233 3712 nosue,
262 3637 331 3697 dum
359 3637 492 3696 memoria
522 3639 672 3718 repetimus
701 3655 787 3718 quam
812 3635 972 3698 humaniter
990 3635 1070 3698 Deus
1093 3638 1240 3700 nobiscum

121 3718 323 3860 tilieti
340 3716 531 3856 Putitii}
550 3718 886 3872 ‘utilitati‘
904 3718 1011 3858 ²¹⁰³¹²l
1028 3721 1171 3857 ‘iiiii’-
1190 3720 1240 3858 pr

800 3817 1029 3859 uramcxvcc
1073 3817 1107 3856 us
1147 3819 1172 3857 cr
1211 3820 1238 3860 e-

123 3877 230 3940 neiioiis
254 3815 410 3936 sumuecp
425 3871 464 3934 Et
486 3815 568 3936 ceni
586 3879 693 3959 optima
712 3883 757 3937 est
775 3875 867 3937 dolori
886 3877 1015 3937 leniendo
1034 3879 1122 3950 ratio,
1150 3897 1241 3957 quum

137 3976 214 4096 :pepp
233 3954 387 4095 plteifflpirpls,
405 3955 544 4094 ἱῗέἰροετὲ
563 3955 598 4018 sd
616 3959 732 4038 antiqua
751 3955 806 4096 Dii
825 3955 968 4097 bepeficia
999 3955 1060 4054 ileo
1077 3977 1111 4018 ea
1130 3963 1241 4052 tentum

124 4057 329 4190 indm,
353 4055 541 4190 nimie
559 4053 683 4196 titii
703 4045 1242 4218 tt,:¹uitff²’,ititzitte

125 4195 237 4274 longius
281 4201 364 4256 atcet.
403 4195 502 4276 ltaque
525 4213 583 4254 nou
608 4195 704 4258 dubito
728 4199 799 4278 quin
822 4199 949 4280 privatae
968 4216 1036 4257 snae
1053 4197 1243 4278 experientiae

125 4283 236 4335 veteres
256 4216 386 4336 iictorias
405 4275 571 4349 adiunxerit,
591 4275 619 4336 iu
639 4276 742 4358 quibus
761 4285 925 4358 perpetuam
944 4275 1001 4336 Dei
1020 4295 1087 4358 erga
1105 4295 1172 4338 suos
1192 4276 1242 4335 bo·

125 4355 242 4416 nitatem
261 4354 363 4414 intueri
382 4361 546 4435 promptum
565 4363 633 4416 erat.
663 4355 700 4418 Et
719 4377 772 4418 nos
791 4377 906 4438 quoque
925 4358 985 4418 eius
1004 4356 1136 4437 exemplo
1156 4355 1242 4415 disea-

125 4453 205 4512 mus,
233 4453 292 4496 nou
316 4440 426 4496 uuum
449 4431 608 4516 expendere
631 4455 705 4516 quae
728 4437 758 4496 in
786 4457 840 4498 nos
863 4437 984 4500 maurili
1001 4435 1081 4500 Deus
1100 4433 1243 4511 beneficia,
