2884 4886
541 281 877 342 irroremur.
1209 287 1263 346 Μ
1387 339 1391 346 Ι

120 403 233 464 accedit
254 421 292 463 ex
312 418 400 463 mann
420 391 578 482 hominnm,
598 404 687 464 nllam
707 405 737 464 in
756 421 789 464 so
807 404 956 464 continent
970 403 1123 467 divinitatis
1143 417 1284 490 guttam>

119 501 198 564 qnae
216 485 407 543 reverentiam
427 483 482 542 ibis
507 483 658 546 conciliet?
683 482 795 544 Interea
815 489 911 544 tamen
930 483 1088 545 subindicat
1106 485 1264 569 Propheta,-

63 554 66 567 ’
99 563 247 702 ‘titt
272 564 414 721 istit
434 562 995 724 titidesittettttttat
1012 565 1260 724 iiiiii&
1337 585 1378 670 ·'

118 723 177 782 sint
200 728 232 782 et
250 726 391 802 argentea,
412 741 470 780 non
490 741 552 782 esee
575 729 671 782 tamen
690 723 769 795 deos,
795 723 862 802 qnia
881 721 939 782 sint
957 740 1031 803 opus
1050 743 1187 787 manuum
1207 728 1259 790 bo·
1278 761 1285 776 r

117 801 212 861 minis.
252 797 327 860 Nam
346 801 371 859 si
390 801 556 881 simpliciter
575 804 724 862 materiam
753 801 931 882 vilipendere
950 805 1130 882 propositam
1149 806 1258 885 inisset,
1366 865 1369 874 ,

117 881 214 961 potius
237 887 370 940 vocasset
393 880 503 960 lignum
528 889 558 941 et
582 881 718 962 lapidem:
749 901 826 941 nunc
851 899 921 940 vero
945 883 1011 942 anri·
1030 889 1141 946 mutum
1165 895 1195 948 ct
1214 907 1257 948 ur·
1362 885 1369 896 “

117 959 195 1039 genti
221 961 358 1019 meminit.
397 959 508 1020 Interea
533 968 629 1021 tamen
648 959 794 1042 Propheta
818 959 891 1020 nibil
914 962 1010 1020 minue
1035 971 1256 1029 consentaneum

117 1057 182 1098 esee
202 1039 344 1110 admouet,
364 1039 452 1118 quein
473 1041 601 1100 homines
620 1042 849 1120 velcssentinm,
875 1039 922 1098 vel
941 1039 1073 1116 formam,
1099 1045 1146 1104 vel
1165 1045 1256 1108 bono·

115 1120 284 1178 remelium
311 1117 376 1178 Deo
401 1119 544 1194 conterre,
574 1114 689 1200 qnando
713 1121 767 1200 ipsi
792 1119 922 1199 precario
948 1121 1099 1181 evanidum
1123 1125 1255 1203 spiritum
1338 1135 1344 1142 “

116 1197 241 1258 trabunt
282 1196 365 1258 Unde
388 1201 530 1278 sequitur,
558 1200 645 1260 stulte
668 1199 781 1280 gloriari
803 1199 910 1258 Gentes
929 1197 1048 1264 deornm
1066 1220 1185 1264 suorum
1205 1223 1255 1266 on.

116 1277 198 1351 xiiio,
220 1275 324 1356 quibus
343 1279 483 1357 originem
503 1277 650 1339 dederuut.
690 1276 765 1338 itum
784 1279 861 1338 unde
884 1275 966 1337 idolis
992 1280 1170 1361 principium,
1199 1286 1255 1346 uisi
1301 1337 1313 1366 „

116 1373 155 1416 ex
175 1355 321 1424 bominum
341 1357 477 1418 arbitrio?
505 1359 586 1418 adest
604 1357 641 1418 ad
660 1377 777 1418 manum
797 1358 929 1418 materiae
960 1357 1082 1419 liberum
1100 1369 1254 1426 essetnec

117 1435 204 1506 modo
224 1442 350 1516 pateram
371 1443 421 1496 ent
440 1456 491 1496 ves
511 1437 589 1498 alind
608 1438 716 1518 lingere
735 1456 773 1497 cx
793 1455 864 1496 auro
884 1437 1071 1518 venegono,
1091 1440 1147 1502 sod·
1160 1451 1252 1503 metu·

116 1515 175 1574 lam
195 1534 325 1595 quoque:
345 1515 431 1576 deum
451 1517 559 1597 lingere
578 1520 669 1598 magis
689 1515 767 1577 libet.
797 1514 876 1594 Quid
896 1516 986 1595 magis
1001 1517 1152 1579 ridiculum
1163 1539 1251 1600 quam
1343 1551 1347 1556 Δ

116 1597 527 1656 mortuaemessaeaccedere
550 1615 655 1657 novam
677 1596 830 1656 deitatem?
858 1593 941 1654 Sabe
966 1596 1050 1656 etiam
1075 1597 1154 1660 addit
1176 1600 1259 1684 ‹Pro-l
1357 1619 1359 1627 ⁴

113 1673 210 1754 pheta,
231 1677 360 1753 quamvis
379 1675 507 1736 membra
531 1678 591 1736 suis
617 1675 775 1735 simulacris
801 1675 927 1736 forment
946 1673 1068 1750 Gentes,
1087 1695 1147 1738 non
1166 1699 1251 1759 posse

110 1753 161 1833 =vel
185 1747 295 1814 motum
319 1754 444 1835 aliquem
468 1757 515 1817 vel
540 1775 624 1816 nsnrn
649 1754 725 1815 dire.
765 1751 809 1816 Eo
834 1756 931 1834 itaque
956 1755 1127 1835 praeclarius
1152 1777 1250 1821 seeum
1334 1821 1336 1826 ,

113 1834 160 1915 egi
184 1834 344 1914 intelligunt
367 1834 475 1910 fideles,
504 1837 572 1916 quia
596 1835 712 1896 indubie
736 1840 792 1894 etat
820 1853 906 1895 verne
930 1839 960 1894 et
986 1836 1086 1894 unicus
1106 1835 1187 1898 Dens
1212 1839 1248 1900 ab

114 1922 329 1996 eorumrparte:
359 1916 473 1994 quaudo
498 1923 609 1976 constat
630 1915 735 1974 Gentes
761 1933 859 1974 omnes
884 1913 990 1973 trustra
1014 1915 1161 1994 superbire
1185 1937 1247 1980 uua·

114 1991 230 2058 brorum
261 1994 410 2074 pracsidio.
452 1993 626 2075 Quemquam
641 1995 736 2054 latins
760 1994 876 2053 extendi
901 1992 985 2053 debet
1014 1991 1085 2054 baec
1109 1997 1248 2074 doctrine,

114 2074 182 2152 quia
197 2073 454 2158 iude'generalitcr
473 2075 641 2156 colligimus,
667 2093 703 2156 pe
739 2087 815 2133 erato
836 2072 931 2132 Deum
957 2075 1056 2152 quaeri
1080 2075 1133 2134 snb
1153 2085 1247 2138 exter-
1309 2147 1319 2160 ⁸

111 2154 157 2211 nie
173 2153 289 2236 figuris,
318 2174 390 2234 quae
415 2156 485 2224 nibil
505 2157 596 2215 simile
616 2156 662 2219 nel
682 2155 713 2214 al
732 2174 768 2214 ne
786 2152 892 2214 babent
912 2153 1027 2213 coelesti
1048 2155 1109 2236 eiqs
1128 2155 1245 2236 gloriae.

111 2231 173 2292 Nisi
192 2235 267 2293 enirn
286 2233 356 2294 bace
374 2237 512 2296 sententia
533 2235 618 2296 bodie
637 2241 758 2308 tenetur,
784 2233 923 2294 Gentibus
942 2234 972 2293 in
992 2241 1127 2314 promptu
1146 2237 1247 2306 luisset

112 2315 251 2393 exceptio,
270 2315 371 2375 iniuste
391 2335 422 2375 sc
442 2316 581 2376 damnari:
602 2319 668 2396 qnia
687 2316 741 2374 etei
760 2313 835 2373 idola
855 2313 907 2373 eibi
927 2313 957 2372 ia
976 2315 1057 2372 terris
1073 2315 1245 2394 conflabant,

70 2417 76 2422 ·
111 2393 240 2473 persuasi
259 2400 353 2454 tannen
378 2403 459 2455 erant
478 2396 573 2456 Deum
594 2396 622 2455 iu
642 2395 723 2455 coelo
748 2413 818 2453 esse.
858 2391 959 2471 Neque
978 2393 1054 2454 enim
1074 2393 1170 2454 lovem
1192 2417 1244 2476 pn.

110 2472 208 2533 tabant
231 2473 279 2533 vel
300 2474 445 2556 lapideum
469 2477 539 2547 e'sse,
569 2477 617 2536 dcl
642 2493 769 2546 aureum,
795 2474 841 2533 vel
860 2473 986 2546 fictilem,
1012 2472 1060 2531 sed
1080 2483 1250 2554 repraesen·'

21 2537 27 2558 ’
110 2554 165 2614 tari
189 2551 242 2612 snb
267 2551 310 2613 his
335 2557 429 2634 cignis.
470 2554 552 2619 Unde
576 2557 652 2616 cniru
676 2555 813 2634 loquutio'
834 2553 891 2626 illa,
915 2551 1084 2634 Suppliearc
1107 2555 1143 2612 ad
1163 2555 1242 2628 deos,

108 2633 163 2692 nisi
183 2631 260 2712 quod
285 2635 432 2696 simulacra
459 2636 599 2717 putabant
623 2655 685 2696 esse
705 2636 786 2714 quasi
800 2633 917 2694 deornm
929 2634 1087 2712 personas?
1106 2630 1172 2694 Nou
1192 2635 1241 2695 ba·

109 2713 186 2786 beni,
211 2714 303 2792 inquit
329 2713 439 2789 Cicero,
469 2715 559 2777 Siculi
579 2717 657 2788 deos,
687 2717 722 2774 ed
749 2732 822 2794 qnos
841 2717 1002 2793 precentur.
1042 2711 1166 2774 Barbare
1185 2713 1242 2776 boc

109 2783 613 2866 diceret,nisibaccinl1xeluisset
642 2797 739 2876 opinio
759 2793 838 2872 vulgi
866 2792 981 2864 animis,
1006 2789 1125 2852 deorum
1150 2795 1241 2856 coele·

108 2874 195 2934 stium
215 2871 320 3010 liquens
337 2874 390 2947 sibi
406 2884 474 2936 onte
493 2877 592 2936 doulos
613 2877 718 2934 versari
737 2876 766 2934 in
787 2881 861 2946 abac,
885 2871 931 2932 vel
951 2877 1077 2951 argento,
1098 2872 1144 2932 vel
1165 2893 1242 2933 mar-

108 2971 213 3010 more..
260 2953 303 3012 ed
320 2955 387 3032 quia
410 2955 480 3015 deos
505 2956 557 3015 sibi
603 2958 729 3036 ropiores
753 2951 900 3034 putabant,
925 2969 1015 3030 quum
1034 2951 1071 3010 ad
1090 2953 1240 3014 simulacra

108 3031 285 3091 accederent:
307 3035 408 3094 merito
430 3035 557 3095 delirium
577 2977 633 3094 goe
653 3031 930 3115 exagitatPropbeta
947 3030 1025 3112 quod
1045 3031 1177 3092 deitatem
1197 3034 1239 3094 in·

106 3111 223 3170 eludant
246 3113 474 3194 corruptibilibus
499 3116 600 3196 siguis:
627 3115 692 3193 quia
719 3131 736 3173 a
760 3119 862 3172 natura
883 3110 938 3170 Dei
963 3111 1088 3174 alienum
1112 3117 1165 3185 eet,
1185 3112 1238 3173 snb

106 3189 208 3270 lapide,
238 3191 329 3252 frusto
349 3195 508 3268 marmoris,
539 3195 585 3253 vel
604 3195 623 3253 li
645 3213 681 3252 no
702 3199 730 3254 et
749 3198 861 3264 trunco,
886 3191 1027 3262 celebre,
1052 3190 1098 3249 vcl
1119 3199 1239 3270 argento

105 3269 240 3334 habitare.
260 3269 298 3332 Et
318 3272 372 3332 bae
392 3275 501 3335 ratione
521 3280 605 3334 vocat
625 3215 760 3334 llabacuc
780 3290 842 3350 cap.
863 3271 949 3336 218.
971 3269 1164 3346 magisterium
1183 3270 1237 3330 ial-

105 3350 206 3422 sitatis‚
232 3370 353 3412 crassam
378 3353 456 3412 illam
482 3353 592 3414 colendi
612 3353 668 3412 Dei
694 3352 824 3410 sormam.
865 3345 997 3408 Notanda
1022 3354 1167 3425 praeterea
1193 3357 1237 3410 est

104 3429 158 3492 tna
177 3430 332 3507 insectatio,
356 3437 397 3493 Os
413 3437 483 3510 illis,
502 3447 528 3494 et
545 3457 609 3494 non
628 3435 790 3515 loqueretur.
831 3427 893 3488 Cur
911 3428 987 3486 enim
1007 3424 1149 3485 edvDenm
1169 3446 1236 3488 eon·
1281 3455 1284 3462 ·

104 3508 239 3588 fugimus,
259 3512 311 3573 nisi
333 3515 399 3594 qnia
419 3516 478 3574 vita
498 3521 595 3574 nostra
615 3513 650 3572 ab
671 3531 706 3572 eo
726 3509 839 3592 pendet,
859 3510 890 3566 in
910 3507 970 3565 eins
990 3523 1077 3564 maon
1096 3513 1140 3566 cst
1160 3506 1249 3568 suos-

104 3593 210 3662 nostra‚
229 3609 316 3671 penes
335 3613 401 3653 eum
421 3594 525 3652 residet
548 3593 688 3654 bonorum
709 3593 837 3651 omnium
863 3587 944 3665 copia
965 3593 993 3646 ct
1013 3586 1127 3644 iuvandi
1147 3585 1238 3646 facul·

103 3669 165 3727 tas?
184 3667 262 3748 Quid
282 3691 350 3752 ergo
370 3673 519 3734 absurdius
538 3693 624 3754 quam
645 3692 663 3733 n
682 3670 838 3731 simulacris
857 3672 953 3748 petere
973 3664 1126 3745 quod-illis
1146 3663 1236 3742 deest,

103 3766 192 3826 quum
212 3755 241 3809 et
259 3753 340 3810 moto
359 3759 390 3812 ct
409 3769 495 3814 sensu
515 3755 647 3814 careant?

180 3829 207 3892 8.
228 3833 345 3892 Similes
364 3833 432 3894 etta.
472 3832 569 3893 blultis
589 3834 702 3894 videtur
720 3847 781 3890 esse
790 3827 969 3908 imprecatio:
990 3825 1086 3905 itaque
1105 3824 1235 3890 sutorum

100 3909 216 3988 tempus
233 3911 351 3990 optandi
376 3913 463 3971 modo
483 3919 606 3988 vertunt,
630 3909 743 3971 Similes
767 3907 846 3970 fiant.
887 3905 945 3965 Sed
965 3925 1023 3964 non
1045 3904 1235 3974 minussrecte

58 4059 63 4064 Ι
100 3988 234 4047 convenit
253 3989 446 4066 subsannatio,
465 3993 490 4050 ai
509 3991 630 4053 affirmet
640 3989 784 4070 Propheta
803 3985 968 4046 idololatras
988 4001 1047 4043 non
1067 3983 1234 4042 minnsesse

98 4066 228 4145 stupidos
248 4087 334 4148 quam
355 4072 586 4132 sitrnncieasent
606 4072 652 4132 vel
671 4070 789 4150 lapideo.
820 4065 921 4126 Merito
934 4070 1031 4124 autem
1043 4064 1234 4122 tam'acriter

98 4144 243 4207 invehitur
261 4150 291 4207 in
311 4149 441 4210 homines
462 4151 626 4210 naturaliter
645 4153 755 4231 ratione
781 4145 933 4239 praeditoq,
956 4141 1034 4237 qnod
1055 4143 1162 4278 ¹seippoe
1182 4142 1233 4237 abs

97 4225 192 4286 dicent
211 4229 290 4288 omni
309 4231 418 4292 ratione
438 4235 468 4290 et
487 4229 600 4304 iudicio,
618 4247 759 4308 sensuque
779 4244 923 4286 commum
942 4227 1063 4302 privent.
1122 4240 1168 4281 am
1180 4242 1232 4301 qur

95 4321 114 4363 e
133 4305 218 4366 rebus
237 4309 464 4370 mortuiso’itam
484 4316 595 4390 petunt,
614 4329 711 4369 nonno
730 4306 869 4386 quamam
893 4306 922 4361 in
947 4321 978 4360 se
997 4306 1041 4360 eet
1059 4301 1231 4396 extinguupt
1297 4339 1299 4344 .

95 4403 182 4461 0ch
204 4389 323 4449 rationis
347 4390 462 4450 lumen?
491 4387 611 4452 Summa
629 4396 682 4465 est,
711 4388 793 4468 siqua
811 4389 888 4446 essct
910 4389 990 4462 gutta
1015 4399 1104 4442 sanae
1119 4388 1230 4484 mentre,
1273 4429 1274 4432 ,

11 4489 45 4538 Ἰ·
116 4479 257 4526 curiensi·
272 4485 353 4528 Psaln.
368 4487 429 4528 nou.
444 4485 474 4528 ll.
912 4466 952 4524 ‘20
