2874 4888
8 4453 11 4464 '
121 4448 240 4519 gustum
260 4440 402 4522 praeboat.

825 279 833 302 a

548 327 962 385 rrrsalarr.cxr.'
1094 315 1099 327 ⁵
1221 347 1275 402 147

220 461 253 528 ⁵.
275 457 351 526 Non
382 457 505 526 timebis
534 467 695 528 aterrore
722 461 843 546 nochc,
870 463 1023 553 asagitte
1049 485 1131 553 quae
1153 464 1273 534 volabit

130 590 188 658 per
210 565 312 638 diemr
356 565 388 635 6.
411 564 462 632 ab
489 565 587 634 exitio
613 566 647 632 in
675 566 814 634 tenebris
835 579 1011 658 grassante,
1037 592 1055 636 a
1077 579 1169 660 peste
1192 593 1273 659 quae

127 675 162 740 in
189 672 322 740 meridie
349 680 461 738 vastat.
508 663 546 736 7:
567 670 735 740 Cadenta
763 672 860 741 latere
886 683 944 740 ruo
971 673 1073 755 mille,
1101 684 1133 744 et
1161 674 1294 744 decem.

128 777 228 845 millia
256 803 274 844 a
303 776 423 846 dextris
449 775 526 844 tuisr
554 775 595 844 ad
622 788 656 846 te
682 799 748 844 non
776 778 1047 870 appropinquabit.
1092 782 1123 847 8.
1154 779 1273 874 Utique

128 885 231 954 oculis
252 883 317 951 tuis
339 881 509 975 adspicies,
530 893 563 952 et
584 884 822 954 retributionem
843 885 1016 976 impiorum
1038 885 1168 988 videbis
1203 911 1215 920 ·
1242 899 1250 906 ’

209 1089 238 1152 5.
258 1089 333 1150 Non
356 1091 469 1150 timebis
493 1113 514 1151 o
531 1101 645 1152 terrore
663 1099 775 1166 noetia,
794 1115 815 1152 c
834 1099 960 1170 sagitto,
979 1102 1032 1156 eto.
1061 1091 1164 1153 Fusius
1183 1093 1272 1175 expli·

126 1175 175 1230 cat
193 1165 341 1250 Propheta
360 1169 438 1250 qnod
459 1171 546 1251 paulo
565 1179 632 1231 ante
651 1173 741 1250 attigi,
761 1170 952 1252 undecunque
970 1172 1129 1233 molestiam
1149 1173 1271 1234 lacessat

124 1249 211 1310 nobis
230 1241 328 1324 satin,
347 1255 378 1310 et
396 1270 570 1344 quaemus
588 1251 712 1311 telorum
731 1259 835 1330 genere
853 1269 907 1310 noa
926 1252 1053 1332 impetat,
1072 1255 1096 1311 ei
1115 1253 1201 1313 unico
1211 1251 1270 1314 Dei

124 1329 271 1412 praesidio
290 1335 416 1388 contentr
436 1333 552 1405 erimus,
571 1330 642 1390 nihil
662 1331 834 1392 nociturum.
859 1330 949 1411 ldqne
968 1337 1064 1390 tenera
1084 1351 1188 1412 operae
1206 1351 1271 1413 pre-

125 1412 200 1470 tium
220 1416 273 1484 est,
294 1406 377 1486 Quos
397 1407 477 1470 Deus
497 1413 527 1470 ia
547 1410 666 1470 tutelam
686 1416 766 1470 tuam
785 1411 925 1493 suscepit,
952 1409 1043 1489 probe
1062 1411 1189 1491 undique
1208 1430 1271 1471 care

126 1491 266 1551 munitos.
305 1487 378 1561 Nam
405 1507 496 1570 quum
514 1489 586 1550 nihil
605 1489 749 1550 difficilius
768 1491 806 1549 sit
825 1501 913 1572 quum
932 1487 1029 1549 Deum
1048 1491 1181 1570 amplecti
1201 1491 1270 1552 lihe-

106 1571 271 1643 'rotorem,
292 1570 422 1649 quamvis
447 1589 576 1650 eousque
595 1570 659 1650 qnia
680 1569 844 1651 profeceritr
870 1569 919 1630 uhi
938 1576 1034 1629 tamen
1054 1577 1208 1630 occurrunt
1227 1576 1272 1630 tot

124 1649 237 1710 mortes
262 1653 291 1708 et
310 1668 404 1708 noxae
424 1648 528 1729 quihus
548 1648 693 1710 obsidetur
713 1651 770 1709 rita
789 1655 902 1723 nostra,
926 1649 1011 1708 dmul
1030 1647 1142 1730 obrepit
1162 1649 1270 1709 dubita·

127 1731 170 1790 tio
185 1747 260 1809 qnae
274 1728 498 1808 inquietudinem
512 1735 542 1789 et
555 1729 772 1810 trepidationem
787 1734 910 1809 generat.
932 1728 999 1788 ldeo
1016 1749 1074 1788 non
1089 1730 1141 1790 aba
1155 1749 1187 1788 re
1202 1748 1271 1790 enu-

127 1815 221 1869 merat
236 1808 382 1890 Propheta
393 1806 673 1869 diversasmalorrrm
687 1811 812 1888 species,
832 1826 868 1868 ne
889 1827 974 1868 unam
990 1814 1100 1868 tantum
1113 1809 1234 1868 salutem
1252 1826 1270 1870 a

125 1887 194 1950 Deo
215 1888 269 1948 sibi
288 1891 455 1968 promittunt
473 1887 584 1962 fideles,
603 1887 653 1948 sed
672 1890 826 1948 innumeris
846 1887 1050 1948 tentationibus
1070 1889 1182 1948 sortiter
1200 1889 1268 1949 reei'·

125 1974 212 2029 shut.
233 1965 377 2048 Nocturni
391 1969 506 2049 pavoris
524 1969 590 2029 ideo
609 1969 746 2042 meminit,
767 1969 834 2048 qnia
854 1976 884 2027 et
902 1967 1037 2027 tenebrae
1057 1967 1188 2027 homines
1205 1967 1268 2028 red·

126 2047 199 2108 dunt
222 2045 351 2121 timidos,
380 2054 410 2107 et
437 2067 496 2108 nox
520 2045 649 2130 pluribus
673 2045 863 2107 incommodis
887 2045 1012 2106 obnoxia
1036 2053 1095 2108 eat:
1123 2045 1224 2106 deinde
1243 2047 1269 2106 ai

125 2127 196 2208 quid
214 2128 364 2206 increpuit,
384 2125 517 2206 tingimus
535 2126 617 2186 uobis
637 2126 759 2184 maiores
778 2131 881 2184 metus.
912 2123 1052 2204 Sagittam
1072 2127 1197 2186 interdiu
1215 2147 1268 2184 ve·

125 2209 233 2268 lentem
254 2207 350 2287 potius
369 2205 468 2284 elegit,
491 2225 557 2264 meo
577 2203 696 2276 iudicio,
720 2222 808 2282 quam
828 2201 904 2262 aliud
924 2203 1046 2340 quodvis
1065 2205 1172 2279 telum,
1199 2205 1267 2282 quia

127 2293 158 2346 et
177 2286 287 2366 longius
307 2284 451 2357 vibratur,
476 2291 506 2344 et
525 2291 643 2365 propter
661 2283 835 2344 celeritatem
854 2301 913 2341 non
945 2281 1018 2341 aelle
1036 2289 1133 2360 potest
1153 2299 1267 2361 praeca·

128 2365 196 2424 reri.
234 2361 371 2424 Secundo
401 2362 530 2424 membro
556 2363 631 2422 idem
650 2361 713 2421 aliia
734 2361 828 2420 verbis
847 2360 984 2433 inculcat,
1008 2359 1120 2418 nullum
1140 2377 1203 2419 ease
1221 2378 1268 2442 ge·

126 2463 180 2504 nur
198 2444 267 2504 mali
287 2443 365 2522 quod
385 2463 445 2502 non
465 2442 585 2523 repellat
604 2440 686 2502 Deus
706 2440 805 2501 curtilii
826 2441 871 2498 rui
891 2439 1005 2519 clypeo.

202 2525 233 2587 ’1.
256 2525 368 2584 muto
387 2545 408 2582 rr
427 2525 518 2584 lutere
536 2533 589 2583 too
608 2523 695 2596 mille,
715 2515 769 2582 etc'.
808 2519 997 2599 Prosequitur
1015 2515 1135 2576 eandem
1155 2521 1267 2576 aenton-

124 2603 211 2675 tiam‚
242 2605 373 2682 quamvis
397 2603 497 2662 eadem
523 2603 560 2662 ait
584 2602 749 2662 mortalium
773 2601 901 2660 omnium
927 2595 1051 2658 conditio
1076 2598 1267 2676 inspeciem,

123 2682 262 2764 singulari
286 2689 381 2742 tamon
401 2679 549 2762 privilegio
569 2683 656 2742 eximi
676 2680 774 2740 fideles
793 2697 811 2740 a
830 2677 999 2760 propinquis
1018 2675 1116 2753 malis,
1141 2682 1170 2734 et
1190 2692 1264 2754 quae
1382 2695 1384 2702 ’

123 2762 184 2822 lere
204 2781 304 2822 eorum
324 2761 464 2842 capitibus
484 2763 640 2836 imminent,
661 2761 770 2840 alioqui
788 2761 864 2819 euim
885 2759 1015 2838 produce
1034 2757 1198 2814 inurentem
1210 2755 1267 2814 hoo

123 2843 249 2916 veniret,
268 2839 361 2919 Quid,
381 2862 476 2912 nonne
497 2849 528 2901 lu
547 2861 622 2901 unua
641 2861 679 2901 ex
694 2841 783 2920 vulgo
798 2839 962 2912 homiuum,
982 2853 1106 2916 quorum
1116 2837 1175 2894 rita
1190 2833 1267 2892 mille

124 2921 265 2984 mortibus
285 2921 496 2982 circumdatur?
535 2921 617 2982 Hanc
637 2921 841 2980 dubitationem
861 2925 895 2976 ut
914 2918 987 2976 corrl
1007 2923 1037 2976 at
1051 2913 1206 2995 Propheta,
1226 2913 1265 2972 di·
1283 2996 1286 3002 Ι

123 3001 486 3082 serteadmonetquamria
496 3000 971 3070 totnamundusruiniamiaceatur,
1007 2999 1173 3055 eumtamen
1201 3012 1266 3054 eeu·

123 3083 187 3144 lieri
201 3100 270 3142 cura
284 3083 373 3140 serris
389 3084 447 3142 suia
462 3082 619 3155 consulere,
635 3099 671 3140 ne
682 3082 842 3160 promiscue
851 3077 881 3136 in
891 3076 974 3136 turba
984 3014 1199 3168 pereantql'ald
1256 3153 1263 3167 .

123 3159 558 3240 cemamaadmonitio,Qoamvis
568 3161 735 3222 naturaliter
744 3153 1136 3222 communibuslneommodrs
1146 3152 1265 3212 subiecti

122 3245 229 3316 durus,
253 3242 388 3323 singulari
412 3231 507 3302 tar'rren
531 3241 753 3324 pnmlegionoa
772 3240 876 3312 eximi,
900 3245 932 3298 rrt
952 3253 1065 3315 semper
1083 3236 1111 3292 in
1133 3233 1264 3312 perieulis

122 3323 180 3382 tuli
209 3323 307 3383 aimus.
352 3320 491 3382 Proximo
516 3341 599 3381 versu
624 3341 683 3382 non
706 3319 794 3379 modo
819 3319 951 3398 intelligit
975 3313 1178 3394 experientiam
1204 3311 1266 3370 loro
1303 3320 1318 3349 ⁰

122 3404 304 3482 magistram,
329 3403 395 3483 qnia
417 3421 448 3461 rc
468 3402 537 3482 ipsa
548 3403 670 3461 sentient
690 3399 803 3466 fideles,
820 3406 854 3458 et
868 3397 954 3477 qnasi
974 3395 1065 3455 oculis
1085 3398 1202 3452 omnent
1221 3409 1264 3452 aa·

122 3482 216 3542 lutenr
242 3501 323 3544 anam
347 3483 376 3541 in
397 3479 454 3540 Dei
473 3499 560 3542 mann
580 3482 735 3564 repositam
755 3497 830 3538 esse:
856 3478 906 3538 red
926 3476 983 3535 alio
1003 3477 1172 3554 argumento
1193 3489 1264 3566 pon-

122 3563 223 3622 firmat
242 3561 318 3622 hane
336 3561 504 3635 doctrinam,
525 3561 603 3642 quod
622 3561 730 3621 scilicet
748 3558 839 3631 Dens,
860 3558 909 3638 qui
928 3557 1022 3614 iustus
1041 3559 1085 3614 est
1104 3550 1202 3612 mundi
1223 3570 1264 3609 ru·

127 3643 195 3716 dex,
214 3643 319 3722 impios
339 3659 374 3701 ac
392 3640 529 3722 reprobos
549 3660 609 3722 qno
629 3642 721 3700 meriti
740 3646 808 3699 aunt
826 3635 1077 3714 cxitioplectena,
1100 3651 1168 3691 auos
1187 3636 1264 3689 tuea-

122 3727 181 3780 tur.
222 3719 364 3799 Quamvis
388 3739 456 3802 ergo
476 3741 522 3780 res
542 3739 627 3801 saepe
646 3722 676 3779 in
695 3727 771 3780 terra
791 3719 926 3779 conluere
946 3716 1018 3786 sint,
1044 3715 1073 3774 in
1093 3711 1148 3771 hac
1167 3717 1264 3770 tamen

121 3801 246 3862 obscura
265 3801 385 3881 caligine
405 3801 473 3859 dicit
492 3798 635 3881 Propheta
656 3799 754 3859 fideles
773 3797 867 3879 palam
889 3797 1053 3873 cognituros
1072 3791 1175 3852 indicia
1196 3789 1265 3862 Dei,

65 3921 71 3945 .
121 3882 200 3941 unde
225 3882 360 3964 colligant
378 3901 437 3941 non
458 3879 562 3940 frustra
581 3883 612 3939 in
631 3899 698 3940 enm
718 3897 855 3959 sperasse.
895 3875 1061 3955 Alloquitur
1079 3879 1174 3930 autem
1195 3887 1263 3928 ocu-

1196 3091 1265 3132 ΒΕΘ·
1357 3083 1364 3098 “

120 3961 197 4021 latos
222 3969 252 4021 et
314 3964 332 4020 i·
349 3961 469 4042 praediti
494 3967 561 4020 sunt
578 3979 646 4020 vera
666 3959 731 4019 fidei
752 3959 830 4031 luce,
854 3957 905 4037 qni
924 3955 960 4014 ed
980 3949 1182 4013 considerando
1207 3945 1263 4006 Dei
1382 4005 1390 4022 X

121 4041 226 4100 indicia
246 4061 277 4102 se
298 4041 345 4102 ulo
366 4041 520 4114 meabant,
539 4041 590 4119 qui
609 4041 694 4100 etlam
714 4039 854 4120 patienter
873 4043 903 4095 et
922 4037 952 4094 iu
972 4033 1082 4093 silentio
1097 4033 1264 4108 exspectant

121 4127 238 4202 tempus
259 4127 469 4203 opportunnmr
489 4121 557 4202 quia
577 4121 668 4179 maior
687 4133 754 4200 pars
773 4117 907 4178 indicium
927 4113 1130 4195 praecipitans,
1151 4125 1203 4201 aua
1223 4107 1264 4165 le-

121 4203 275 4261 stinationc
299 4219 330 4262 se
354 4201 519 4274 conturbat,
544 4199 620 4260 nndo
643 4199 678 4258 lrt
697 4205 730 4258 ut
749 4217 849 4258 sensus
868 4197 960 4256 camis
980 4193 1017 4252 ad
1038 4189 1093 4285 llei
1112 4185 1262 4270 prorrden·
1313 4226 1321 4247 r

121 4281 191 4341 liam
203 4283 359 4354 ,caecutiat
386 4281 469 4342 Adde
490 4281 566 4360 qnod
588 4278 719 4356 sufficere
739 4277 822 4338 nobis
842 4277 934 4348 debet,
955 4275 979 4334 si
999 4269 1101 4331 iudicia
1121 4264 1264 4328 anaDeue

122 4379 161 4420 ex
181 4361 283 4421 maiori
308 4368 389 4440 parte
415 4363 444 4423 in
465 4361 540 4421 diem
560 4353 663 4441 planae
682 4357 859 4420 revelationis
880 4356 1022 4428 differens,
1042 4349 1167 4431 aliquem
1187 4365 1264 4407 nunc

875 4487 946 4576 ro·
