2890 4886
204 315 258 378 274
629 301 649 360 i.
685 311 924 360 cassurus
984 357 990 370 ,

223 445 293 524 iens,
311 443 443 526 indignos
462 459 525 504 esse
543 441 688 503 communi
706 433 809 522 spiritu
828 440 1011 502 demonstrat.
1035 439 1116 502 idem
1135 441 1222 503 etiam
1242 441 1345 504 diceu-

202 465 272 586 hum
289 531 343 600 est,
362 543 453 608 quum
472 541 522 583 eos
541 520 652 583 bonore
669 521 811 596 abdicans,
831 541 869 583 ex
888 523 947 583 alto
959 523 1135 604 praecipitat
1155 521 1264 585 Verum
1275 527 1342 606 qui-

203 604 269 666 dem
288 611 333 665 est
351 602 408 666 hoc
426 602 503 663 idem
520 601 586 662 filiis
605 599 662 662 Dei
681 603 859 682 contingere,
878 604 946 684 quia
964 609 1024 662 tum
1043 595 1127 662 bodie
1147 621 1235 684 quam
1254 605 1343 664 malis

202 683 383 767 promiscuae
401 687 468 743 snnt
486 682 656 763 temporales
677 699 798 762 poenaer
824 681 874 742 sed
894 699 1041 762 nunqnam
1062 683 1134 742 adeo
1154 682 1274 743 contusa
1294 691 1345 743 est

202 763 366 846 permistio,
389 761 460 843 quin
483 761 631 823 manifesta
650 759 707 820 Dei
731 761 833 822 iudicia
852 767 882 822 et
895 769 1001 834 ,noum
1021 761 1106 840 digna
1124 763 1268 822 interdum
1287 783 1342 846 ap·

203 849 330 928 pareunt
350 841 453 902 Petrus
462 839 539 901 hunc
549 859 664 902 versum
673 842 763 901 citans
777 843 869 922 primo
879 840 1019 902 Actorum
1038 859 1102 922 cap.
1113 861 1187 902 vers.
1198 846 1248 906 20.
1269 843 1344 903 dicit

99 961 102 978 .
203 924 363 1004 oportuisse
382 920 493 1003 impleri
512 922 542 982 in
562 920 645 993 luda,
665 921 732 1002 quta
751 920 799 982 hic
818 923 953 1002 scriptum
972 927 1029 994 est,
1051 919 1256 1004 Episcopatnm
1275 926 1342 982 eius

203 1003 322 1082 accipiat
344 999 424 1062 alter.
464 1001 558 1061 Sumit
582 1007 677 1060 antem
700 1001 871 1084 principium
895 999 981 1074 iliud,
1010 999 1154 1062 Davidem
1177 1003 1207 1062 in
1229 1002 1341 1061 Christi

202 1097 325 1163 persona
348 1077 502 1160 loquutum
526 1099 597 1140 esse.
636 1076 777 1157 Quamvis
800 1099 868 1160 ergo
888 1079 1058 1140 Hebraicum
1082 1101 1188 1141 nomen
1209 1085 1340 1182 fflipn,

202 1160 410 1243 praefecturam
429 1159 597 1242 generaliter
615 1159 770 1240 significet,
794 1170 861 1242 apte
882 1159 982 1220 Petrus
1002 1159 1037 1220 de
1056 1161 1230 1242 Apostolatu
1250 1159 1342 1220 iudae

202 1241 347 1382 uiti
365 1237 639 1380 tttffllllitt
658 1239 765 1381 tilii
784 1239 878 1380 liti
895 1239 1236 1392 i‘tt02:,*¹¹ttttt
1247 1239 1341 1398 aiiii

202 1400 290 1458 sitnm
308 1399 338 1460 in
358 1398 486 1474 homine)
507 1398 555 1460 alii
575 1398 610 1459 de
630 1361 785 1458 interaneis
805 1341 962 1479 cxpnnnht.
984 1339 1132 1477 Quorium
1145 1401 1221 1459 enim
1235 1401 1340 1458 attinet

202 1495 305 1539 vocem
324 1497 376 1558 per
394 1497 426 1540 se
445 1477 550 1539 claram
569 1483 599 1540 et
617 1475 730 1538 facilem
750 1477 791 1538 sie
814 1481 957 1560 torqueri,
985 1479 1041 1538 nisi
1066 1481 1133 1558 quia
1156 1478 1223 1540 mati
1265 1498 1281 1537 e
1305 1481 1339 1536 in

203 1575 238 1618 ea
258 1557 434 1620 obscuranda
454 1557 573 1632 sudant,
601 1576 638 1617 ne
662 1557 742 1620 loeus
767 1561 896 1640 apposite
920 1559 1023 1618 citatus
1042 1558 1208 1618 videatura
1253 1559 1339 1617 etro?

203 1635 297 1698 Porro
321 1638 457 1735 dpcemur
480 1637 525 1697 his
548 1635 656 1734 verbis,
685 1656 744 1698 non
768 1656 831 1698 esse
854 1657 907 1698 eur
928 1637 1095 1734 superbiant
1118 1637 1241 1736 improbi
1266 1639 1339 1734 dum

201 1722 373 1858 tutti?
387 1716 516 1858 iiiiii
529 1715 801 1880 ‘tillitus
818 1717 1339 1878 lstitltilltmttttttt

200 1876 246 1938 nis
272 1877 403 1962 materia,
432 1875 502 1936 dum
527 1877 672 1952 audimur,
702 1883 848 1958 utcunque
872 1879 902 1937 in
922 1878 1042 1938 sublime
1061 1895 1139 1936 nune
1157 1878 1250 1937 erecti
1270 1878 1338 1948 sint,

201 1955 307 2038 proptu
348 1975 395 2016 am
413 1961 509 2017 tamen
528 1955 735 2018 abdicationem
753 1956 810 2016 illis
833 1958 947 2018 instare.
980 1955 1122 2016 Proximis
1142 1955 1253 2017 duobus
1270 1975 1336 2016 ver·

201 2034 280 2095 sibus
299 2055 315 2096 a
356 2055 477 2098 uxorem
497 2056 614 2118 qunque
633 2041 662 2096 et
681 2035 785 2096 liberos
804 2037 969 2097 extenditur
988 2037 1163 2110 maledictio,
1188 2043 1218 2096 et
1238 2036 1337 2096 uxoris

201 2115 317 2196 quidem
337 2116 473 2191 viduitas,
502 2115 666 2196 orbitasque
690 2115 815 2178 tiliomm
834 2137 872 2176 ex
891 2117 939 2178 illa
959 2117 1034 2177 vitae
1054 2116 1192 2178 brevitate
1212 2115 1338 2196 pendent

200 2195 282 2256 cuins
302 2207 394 2278 nuper
411 2197 542 2258 meminit
560 2193 716 2278 Propheta,
736 2196 786 2257 sed
805 2195 917 2257 additur
936 2199 1110 2258 mordicitus
1128 2203 1156 2257 et
1175 2197 1273 2277 inopia
1292 2215 1336 2257 re·

198 2295 269 2417 iiii
288 2274 546 2418 stittuiti}
564 2277 1035 2418 tilithi-tillitus
1047 2275 1337 2416 tilithi*

200 2453 277 2518 nam.
312 2377 418 2515 1ituram
438 2437 624 2498 exactoribus
642 2431 738 2496 David
753 2379 818 2496 ¹eius
839 2380 1055 2498 bonagdevovet
1074 2443 1160 2516 utque
1180 2379 1287 2496 euticii
1303 2391 1335 2496 iri

200 2513 345 2612 praedam,
365 2515 422 2578 hoc
441 2517 477 2576 ud
498 2515 623 2575 suturam
642 2517 768 2598 inopiam
788 2517 913 2578 tiliorum
932 2517 1063 2577 refertur.
1083 2513 1184 2598 Neque
1203 2521 1279 2576 enim
1299 2517 1336 2576 de

199 2594 318 2676 ignobili
338 2601 367 2656 et
385 2611 511 2678 paupere
532 2595 660 2674 quolibet
674 2595 810 2676 loquitur,
830 2597 879 2677 qui
894 2597 1016 2657 moriens
1030 2597 1101 2655 nibil
1116 2599 1175 2660 suis
1190 2596 1334 2676 relinquit,

200 2673 250 2734 scd
270 2674 306 2734 de
325 2693 360 2734 eo
381 2677 430 2755 qni
448 2695 501 2755 per
519 2673 562 2736 fas
581 2682 611 2736 et
629 2675 710 2735 nesus
727 2676 782 2737 sibi
802 2676 958 2736 cumulavit
981 2675 1057 2736 unde
1080 2675 1154 2736 tilios
1178 2675 1333 2758 locupleta·

200 2759 255 2832 ret,
275 2753 329 2813 nisi
348 2762 462 2836 raperet
480 2751 562 2814 Deus
581 2774 620 2816 cx
639 2755 699 2815 eius
718 2774 804 2818 manu
823 2756 898 2816 male
916 2761 998 2838 parta
1017 2755 1118 2836 spolia.

207 3061 209 3068 y
290 2986 344 3055 12.
370 2983 423 3054 Ne
444 2988 485 3054 sit
505 2987 549 3055 illi
570 2989 756 3080 pmtrahens
779 2989 992 3058 elementiam:
1024 2999 1057 3060 tt
1077 3014 1119 3059 ne
1141 2991 1182 3058 sit
1204 2991 1259 3082 qui
1281 2991 1335 3058 mi-

202 3101 344 3160 sereatur
364 3091 559 3183 pupillorum
580 3095 658 3166 eius.
704 3097 757 3167 13.
785 3095 835 3164 Sit
857 3097 1022 3187 posteritas
1044 3096 1112 3166 eius
1133 3097 1167 3164 in
1190 3098 1337 3166 exitium:

71 3209 76 3214 '
199 3195 235 3264 iu
256 3197 457 3288 genemtione
479 3198 575 3268 altera
604 3200 744 3270 deleatur
764 3225 882 3270 nomen
905 3225 1026 3272 eorum.
1072 3197 1124 3272 14.
1152 3203 1188 3270 ln
1215 3228 1337 3272 memo-

199 3303 280 3370 riam
301 3315 468 3372 revocetur
488 3306 637 3396 iniqm'tns
658 3320 783 3401 patrum
805 3310 873 3376 eius
895 3329 1001 3376 coram
1021 3307 1154 3394 lehova,
1177 3319 1210 3377 et
1231 3309 1336 3378 scelus

200 3408 309 3477 matris
332 3409 400 3477 eius
422 3433 463 3480 ne
491 3410 641 3480 deleatur.
687 3412 739 3482 15.
770 3412 842 3482 Sint
869 3415 976 3482 coram
996 3411 1114 3486 lehova
1140 3439 1282 3508 semper,
1305 3427 1338 3484 et

11 3531 12 3538 ¹
90 3585 93 3594 ,
200 3512 304 3582 deleat
325 3535 344 3582 e
365 3526 446 3584 terra
469 3518 655 3586 memoriam
676 3519 834 3611 ipsorum:
880 3519 930 3588 16.
959 3519 1042 3605 Quia
1063 3543 1131 3590 uon
1152 3521 1337 3590 reeordatus

200 3627 250 3687 est
272 3616 372 3687 iacere
395 3621 611 3707 clementiam,
639 3635 672 3692 et
693 3633 904 3717 persequutus
927 3635 976 3692 est
997 3625 1101 3694 viuum
1123 3627 1278 3695 miserum
1300 3651 1338 3694 ae

201 3747 377 3816 pauperem
398 3736 431 3793 et
451 3726 601 3795 afflictum
623 3731 726 3813 corde,
759 3741 796 3798 ut
816 3729 1012 3801 interficeret

100 3863 106 3876 '
216 3894 221 3909 =
281 3869 407 3948 reive
429 3877 469 3930 sit
488 3873 533 3933 tllt
589 3875 735 3933 cruciere.
774 3871 945 3940 Pmtrabere
974 3874 1178 3937 humanitatem
1203 3875 1253 3936 rel
1282 3877 1337 3937 cle·

199 3947 350 4021 mentium,
380 3949 522 4029 accipiunt
576 3949 668 4012 ebraei
697 3972 751 4032 pro
780 3961 943 4016 constanter
972 3954 1150 4016 benefacere:
1180 3956 1339 4035 aliquando

199 4029 287 4086 etiam
307 4041 360 4106 pro
379 4027 520 4104 misereri,
552 4029 596 4089 vel
622 4031 658 4090 ad
678 4030 883 4093 humanitatem
902 4037 992 4108 lieeti,
1021 4035 1069 4096 ubi
1089 4035 1177 4116 longo
1198 4040 1338 4118 temporis

200 4123 334 4164 successu
357 4107 479 4167 mitescit
501 4111 557 4182 ira,
587 4115 616 4168 et
641 4109 784 4170 calamitas
809 4115 894 4172 etiam
919 4118 1027 4174 animos
1047 4115 1167 4174 emollit.
1209 4111 1277 4175 ideo
1298 4118 1340 4177 sic
1427 4125 1428 4140 ¹

201 4183 318 4262 quidam
337 4193 487 4264 exponunt
506 4187 584 4246 bunc
603 4188 713 4262 locum,
741 4192 842 4270 nequis
867 4193 953 4254 etiam
973 4213 1039 4275 erga
1059 4194 1135 4252 tilios
1156 4195 1194 4254 sit
1215 4195 1339 4276 placabi-

200 4259 249 4320 lim
270 4281 356 4342 quem
376 4283 489 4324 sensum
511 4265 660 4328 coufirmat
679 4269 801 4329 secunda
820 4289 888 4350 pars
907 4291 1017 4334 versus.
1047 4271 1224 4352 Quanquam
1243 4277 1341 4358 ipsum

201 4343 1065 4504 tttttttltltlid?itil⁰0t⁰ttttlt⁰tlii
1084 4351 1342 4516 ttttirittt
1397 4433 1427 4517 ¹,
