2816 4880
233 239 324 351 '470
698 266 1008 341 scssvsnca‘

348 418 398 478 20.
418 419 478 488 Qus
507 415 620 496 dependi
644 416 771 476 rant'de
789 423 827 478 le.
866 413 1013 497 &primii
1032 431 1093 496 qno
1111 413 1231 480 ticmttn
1247 419 1333 498 medic

269 496 352 577 impii
370 493 536 574 quantisper
553 495 607 554 illis
628 495 717 575 percit
737 493 827 569 Deus,
845 513 899 558 nco
917 515 967 558 eos
988 494 1100 576 premit
1120 495 1211 554 nllrice
1224 499 1333 558 mesols

269 579 346 637 eninr
374 579 505 634 statuunt
531 572 617 632 modo
643 574 761 654 quidvis·
774 573 827 635 sibi
847 573 962 656 impune
981 591 1150 646 cessurum,
1176 572 1221 634 sed
1238 579 1333 638 mullet

77 623 79 678 ἶ
167 681 171 698 ·
268 657 299 716 in
318 653 439 714 iudicem
457 652 552 732 ipsum
572 651 759 732 blasphemias
777 661 925 716 evomunt.
963 651 1099 716 sostssts
1118 654 1189 714 enisu
1207 652 1332 733 loquutorl

160 779 166 798 .
268 737 322 794 cite
353 734 420 813 quie
446 747 529 792 suam
553 732 689 794 malitiam
715 735 800 796 nullis
824 733 967 798 coloribus
989 733 1169 806 fuscaverint,
1196 734 1265 792 sicuti
1280 735 1333 816 liugn

268 833 335 876 suas
365 813 512 872 continent
541 811 644 892 quibus
674 813 775 894 dliquis
805 814 934 876 residuus
953 819 997 874 eet
1018 811 1131 894 pudor:
1159 811 1205 872 sed
1222 813 1333 893 pnlsupn

269 913 301 954 se
320 893 437 952 tulerint
456 889 513 953 Dei
533 900 739 989 contemptum.
778 892 943 960 Secundum
964 892 1141 964 membrum,
1160 889 1204 952 rbi
1221 893 1276 952 dicit
1289 915 1333 974 nep

188 1063 192 1078 ·
267 971 741 1114 :tltltlltsltttlts
761 973 1333 1136 ttttttlllttl‘ltt‘llltll

270 1134 332 1193 vesi
350 1130 491 1193 accedunt
508 1129 558 1212 qut
578 1129 678 1192 dicunt
696 1153 808 1194 sumere
828 1135 857 1196 in
877 1151 983 1194 vanum
1005 1133 1114 1212 impios
1133 1127 1188 1190 Dei
1205 1149 1296 1202 nomen,
1310 1131 1333 1188 lu

267 1231 333 1273 curn
364 1209 566 1290 transfigurent
584 1211 614 1272 in
634 1230 686 1272 rua
706 1211 849 1293 figmento.
866 1249 869 1258 ι
888 1211 1077 1294 Experimtin
1097 1209 1173 1271 enim
1191 1209 1275 1284 docet,
1296 1214 1333 1268 nsit

266 1311 326 1354 sem
347 1290 496 1354 bominum
516 1297 626 1370 partem
643 1312 704 1354 nun
724 1294 829 1354 sentire
849 1293 917 1374 quid
937 1294 975 1352 eit
994 1289 1091 1364 Deus,
1111 1289 1161 1349 sed
1179 1287 1292 1350 lubricam
1304 1293 1333 1346 sin

196 1405 199 1414 .
265 1373 322 1433 lem
351 1372 545 1432 semimortuo.
585 1369 714 1432 Vocatur·
742 1373 857 1453 quidem
888 1373 992 1454 passim
1014 1370 1104 1431 iudex
1126 1367 1230 1428 mundi:
1254 1369 1291 1428 sed
1305 1389 1333 1426 no

265 1453 409 1514 evunmcit
434 1450 483 1512 illa
506 1449 662 1525 ecclesaie,
692 1455 759 1533 quis
783 1453 924 1516 iudicandi
949 1469 1060 1512 munus
1086 1450 1113 1509 ei
1132 1447 1247 1520 abdicat,
1270 1447 1333 1506 bose

266 1546 380 1593 sumere
398 1547 504 1592 nomen
524 1529 580 1591 Dei
600 1530 753 1606 fallaciter,
778 1533 845 1613 quia
865 1531 1020 1594 obscurent
1040 1533 1106 1590 eius
1125 1530 1247 1610 glorians,
1270 1545 1333 1604 eunp

265 1609 478 1692 quodammodo
503 1609 672 1670 deformant.
711 1611 771 1672 Sed
798 1615 864 1694 quia
884 1617 943 1674 non
961 1611 1138 1693 exprimitur
1156 1627 1250 1668 nomeu
1267 1605 1333 1676 brit

222 1699 225 1726 ·'
266 1691 385 1751 verbnm
410 1691 494 1758 lilii)
513 1691 542 1750 in
563 1689 684 1752 sublime
704 1692 804 1754 tollere
823 1691 972 1773 signifieat,
992 1690 1175 1752 commodius
1194 1691 1261 1763 (meo
1273 1685 1333 1750 iudico

265 1773 307 1830 sic
335 1769 512 1848 interpretem
541 1769 651 1845 licebit,
680 1772 759 1850 quod
790 1771 900 1852 seipsos
922 1771 1044 1834 efferant
1073 1775 1209 1828 veutuoso
1226 1772 1251 1824 et
1265 1764 1333 1822 unde

142 1873 146 1892 ·
265 1852 351 1929 iaetu.
391 1847 488 1930 Atque
511 1847 582 1908 boec
606 1841 707 1925 elatio,
737 1853 910 1930 petulantiae
933 1853 1016 1912 ouius
1043 1847 1188 1919 meminit,
1214 1843 1333 1923 teupulo

264 1929 414 1989 coniuncte
434 1933 487 1988 eet.
527 1927 610 1990 Unde
628 1932 704 1994 euim
724 1931 758 1992 lit
777 1940 810 1993 ut
829 1931 953 1992 sudeant
971 1933 1053 1990 virus
1073 1926 1228 2009 protervire
1242 1941 1293 1982 suar
1305 1941 1333 1980 ru

263 2016 308 2069 tra
327 2005 423 2069 Deum
452 2027 599 2083 evomens,
619 2011 673 2069 nisi
691 2011 760 2090 quia
779 2011 854 2071 iaetu
874 2009 1033 2086 temulenti,
1053 2007 1114 2068 non
1134 2010 1254 2086 reputant
1267 2003 1291 2059 sl
1305 2019 1330 2055 m

263 2094 343 2169 perte
357 2107 389 2148 se
401 2089 519 2148 miseros
534 2107 598 2148 esee
612 2088 831 2165 homunciones,
853 2088 948 2152 Deum
963 2107 1102 2150 verusne
1117 2090 1245 2168 potestate
1254 2079 1333 2170 spoliani

262 2171 359 2248 Atque
379 2168 433 2230 hab
452 2169 569 2230 salione:
587 2177 673 2230 vocal
687 2169 743 2232 liei
761 2171 951 2245 adversaries,
971 2170 1041 2250 quia
1063 2165 1190 2250 quisquis
1206 2179 1275 2242 snpn
1287 2160 1331 2236 teo

543 2249 645 2389 stu
660 2239 1242 2392 stulucccccccccc
1256 2317 1289 2378 l
1302 2333 1329 2373 l

263 2406 483 2468 dilationctlkl
497 2407 662 2489 profecerit,
694 2419 797 2492 netnspe
821 2349 899 2492 ilgorod
918 2427 950 2470 se
969 2347 1113 2471 monadica
1133 2403 1169 2464 ad
1188 2400 1236 2462 Dei
1248 2395 1329 2492 ¹tribuual

262 2507 298 2548 ec
322 2507 353 2548 sc
372 2504 432 2548 non
450 2507 536 2567 posse
555 2489 679 2568 effugere
698 2492 760 2552 eius
779 2511 894 2552 manum
915 2491 1060 2570 cogitans,
1091 2486 1172 2546 cuius
1191 2481 1253 2542 oculs
1266 2473 1327 2562 udis

261 2587 322 2628 usas
350 2567 470 2646 abyssos
490 2575 653 2648 penetrent,
682 2569 736 2630 sibi
755 2573 802 2654 pie
821 2579 976 2650 sancteque
996 2561 1114 2628 vi'vendi
1134 2561 1233 2644 Legem
1246 2555 1321 2646 iudssd

261 2647 410 2714 NamDei
439 2653 650 2730 contemptores
680 2651 733 2709 sibi
764 2650 858 2710 diceus
889 2650 975 2710 luisse
995 2649 1080 2726 odio,
1111 2661 1192 2704 suem
1209 2637 1322 2720 inspicies

259 2727 316 2788 hcc
340 2728 434 2808 elogio
453 2728 617 2808 profitetur:
644 2747 705 2793 uon
729 2732 807 2810 quod
832 2750 922 2810 purus
942 2730 1027 2788 luerit
1046 2731 1111 2808 ipse
1130 2721 1166 2783 ab
1185 2719 1249 2782 omni
1260 2711 1322 2800 ldsdt

259 2807 309 2870 sed
340 2808 417 2888 quod
448 2809 544 2887 pietati
575 2809 712 2870 colendae
736 2809 878 2885 addictus,
907 2829 1022 2870 omnem
1049 2805 1222 2888 impietatem
1238 2805 1324 2882 ntum

260 2889 415 2947 detestatus
443 2891 488 2948 sit.
529 2887 630 2968 Neque
658 2891 735 2949 enim
765 2889 832 2948 satis
856 2889 885 2950 iu
911 2888 1045 2948 cordibus
1065 2885 1170 2950 uostris
1190 2871 1326 2966 vigstpntsls

259 2967 397 3039 studium,
414 2968 468 3026 nisi
487 2987 525 3027 ex
545 2987 576 3026 sc
596 2967 698 3026 odium
714 2969 853 3029 scelerum
873 2977 995 3048 geiseret,
1016 2967 1103 3048 quale
1122 2954 1292 3040 tiso-pnsum

258 3045 316 3105 vid.
357 3043 469 3109 Deinde
493 3049 517 3106 si
537 3046 566 3106 in
586 3045 668 3106 nobie
687 3047 768 3109 erdet
787 3048 865 3108 selus
884 3050 932 3108 ille
951 3049 1054 3108 domus
1075 3045 1141 3118 Dei,
1161 3041 1234 3101 cuius
1249 3021 1325 3124 PJddd

260 3129 307 3190 10.
327 3124 456 3186 meminit
474 3125 579 3202 David,
599 3125 790 3188 inexcusabile
810 3134 854 3188 est
874 3133 1004 3188 nostrum
1024 3127 1125 3208 frigus,
1145 3123 1209 3182 dum
1225 3109 1324 3174 sciltdl²¹

154 3213 156 3220 '
259 3207 314 3266 cite
338 3206 463 3286 patimur
487 3227 544 3266 mm
570 3206 656 3266 sncdc
681 3207 781 3270 violsri
801 3210 861 3270 eius
882 3209 1032 3281 iustitiam,
1062 3207 1114 3266 sed
1134 3191 1325 3263 sacsnmdtdll

258 3305 325 3346 meu
344 3285 505 3368 petuluuter
524 3285 560 3345 ob
579 3287 672 3368 impiis
693 3290 801 3350 calcari.
832 3287 920 3368 Quod
940 3289 976 3347 ad
996 3295 1174 3368 postremum
1194 3273 1283 3366 verbm
1295 3277 1324 3354 sp·

261 3372 334 3441 ctat,
354 3387 443 3448 quum
464 3371 510 3440 tol
555 3367 693 3448 significet
711 3369 806 3444 rixari,
826 3369 872 3427 vel
892 3369 1072 3434 contendere,
1093 3366 1141 3424 bic
1159 3352 1325 3426 torsissem

259 3445 389 3542 hithpael
408 3445 530 3514 eundem
550 3467 664 3508 sensnm
684 3449 801 3524 relinet,
831 3447 884 3510 uisi
914 3447 988 3509 iostc
1008 3443 1115 3526 aliquid
1136 3424 1324 3522 expressionis

258 3525 367 3600 David,
394 3545 425 3585 se
444 3527 531 3588 luisse
550 3542 618 3586 estes
640 3535 762 3600 oratum,
786 3533 819 3587 ut
839 3527 964 3588 smmum
985 3539 1070 3586 suunt
1091 3509 1324 3596 adstipulante

256 3613 326 3668 eret.
364 3603 503 3668 Videmus
522 3627 600 3688 ergo,
619 3547 771 3670 dluvidcm.
791 3607 926 3688 neglectis
945 3609 1033 3667 totius
1050 3603 1151 3665 mundi
1170 3596 1245 3690 odiit,
1259 3591 1325 3678 illul?

257 3693 378 3748 certasse
407 3707 461 3768 pro
490 3687 639 3748 asserenda
660 3685 715 3748 Dei
745 3687 848 3770 glorie,
878 3693 911 3746 ut
936 3685 1042 3748 bellurn
1063 3705 1129 3746 cum
1148 3673 1260 3742 omnibus
1273 3667 1325 3736 ,ppt

256 3769 330 3828 susci
352 3773 420 3826 eret.
1272 3815 1276 3827 .
1312 3811 1320 3825 .

334 3788 384 3909 gb.
404 3847 546 3930 Profecto
575 3847 644 3908 odio
674 3849 724 3908 odi
753 3857 842 3943 ipsos.
882 3845 929 3906 Ad
958 3845 1092 3918 verbum,
1122 3833 1272 3932 peremtione
1290 3814 1323 3874 θῶ·

258 3927 417 3990 Conlinnal
442 3925 561 3988 candem
586 3931 769 3998 senitentiam,
797 3927 866 3986 lauti
888 3927 940 3985 sibi
961 3927 1047 3986 luisse
1068 3925 1120 3986 Dei
1141 3919 1244 4000 glonssn
1260 3908 1323 3992 ,lou

256 4009 421 4066 sustinuerit
451 4008 602 4086 quicquam
633 4007 736 4067 hebere
765 4025 917 4066 cornusuue
948 4027 1013 4066 cnm
1044 4009 1104 4065 eius
1134 3977 1324 4110 cuuteuspteuztl

231 4140 232 4152 ,
256 4087 375 4146 Summa
400 4103 469 4145 vero
499 4083 556 4148 buc
586 4088 690 4158 tendit,
720 4087 771 4146 sibi
802 4087 872 4146 nillil
893 4087 979 4146 luisse
999 4089 1151 4147 cousensus
1169 4091 1225 4138 cum
1242 4069 1322 4143 defin?

258 4165 451 4228 tenebrarum:
479 4169 543 4246 quin
565 4168 693 4246 quisquis
714 4167 749 4232 sd
769 4169 872 4226 scelera
894 4168 1041 4241 connivet,
1071 4180 1159 4245 caque
1176 4149 1323 4240 tovstflll'

257 4248 355 4324 lentio,
376 4245 502 4328 perfidus
518 4253 564 4311 ,est
585 4265 686 4306 causae
707 4244 762 4305 tiri
782 4247 925 4328 proditor,
946 4248 996 4328 qui
1016 4247 1096 4306 nobis
1116 4235 1233 4304 omnibus
1248 4223 1321 4346 tlt-“¹³33

257 4347 324 4388 sune
353 4327 542 4408 patrocinium
572 4326 761 4388 commendat.
801 4325 864 4387 lloc
890 4333 986 4390 eutem
1006 4326 1136 4408 exemplo
1155 4321 1266 4380 dectusur
1280 4293 1316 4352 [οἱ
