2890 4886
184 305 238 366 242
605 303 889 350 tcaurrues

271 427 328 498 39.
352 389 504 504 Entenfflt
531 423 651 492 nubem
677 423 717 491 ad
740 431 977 514 tegumentum,
1004 431 1037 488 et
1058 423 1165 512 ignem
1181 429 1224 487 ‚ut
1245 418 1326 488 lnce-

187 545 234 603 ret
261 543 367 602 noete.
411 524 466 598 40.
489 528 532 596 Et
552 530 642 621 petiit
663 539 696 597 et
717 529 849 594 adduxit
876 525 1069 608 coturnices,
1096 535 1130 592 et
1152 549 1235 616 pane
1258 547 1327 594 eoe-

187 641 292 708 lorum
324 637 449 704 satiavit
482 657 549 702 eoa.
594 627 647 705 41.
671 634 805 724 Aperuit
831 655 945 722 rupem
973 641 1005 697 et
1031 631 1192 712 fluxerunt
1214 653 1327 722 aquae,

38 761 40 772 '
76 753 87 772 ⁸
120 775 123 787 ·
190 744 431 815 ambulaverunt
457 739 502 806 iu·
517 739 609 824 aridis
631 743 713 808 locis
735 752 770 806 ut
792 737 916 804 lluvius.
961 729 1015 801 42.
1038 736 1120 822 Quia
1143 738 1327 808 recordatus

193 863 243 944 eat
264 848 351 918 verbi
374 846 545 914 sanctitatis
566 863 642 912 suae
665 843 704 910 ad
726 842 885 910 Abraham
908 863 1036 909 servum
1059 864 1169 908 suum:
1212 842 1266 910 43.
1285 842 1328 907 Et

188 955 299 1026 eduxit
320 950 476 1049 populum
499 973 593 1017 suum
616 949 649 1016 in
670 947 795 1031 laetitia,
817 949 850 1015 in
873 945 1083 1016 exsultatione
1106 947 1224 1016 electos
1237 971 1326 1014 snos

150 1169 160 1190 ο
265 1136 314 1196 39.
332 1133 475 1194 Esteodtt
493 1133 606 1192 nubam
624 1127 914 1209 Recensetqu'aedam
924 1107 1069 1202 miracula,
1090 1127 1193 1209 quihus
1204 1097 1329 1210 gratiam

188 1236 269 1277 suam
291 1213 370 1274 Deus
390 1232 456 1296 erga
477 1209 616 1292 populum
636 1229 720 1270 suum
740 1216 933 1289 prosequutus
953 1217 996 1268 est
1016 1209 1045 1267 io
1065 1209 1187 1268 deserto.
1227 1209 1329 1288 Atque

191 1297 264 1354 hane
284 1293 387 1354 seriem
405 1298 506 1354 nutare
526 1289 772 1370 operaepretium
792 1297 852 1362 est,
871 1306 939 1352 nam
959 1287 994 1348 ad
1014 1287 1085 1348 illud
1105 1287 1330 1426 ineomlparahitn

188 1373 390 1452 redemptionis
411 1389 484 1450 opus
505 1371 622 1430 accessit
641 1388 701 1428 non
719 1369 845 1446 vulgaris
866 1366 1062 1440 confirmatio,
1082 1388 1173 1446 quum
1223 1387 1274 1426 eus
1295 1383 1329 1428 se
1376 1426 1384 1441 ,

137 1443 144 1464 ’
170 1453 295 1516 ,irruens
315 1452 417 1511 ducem
438 1455 580 1528 praestare
600 1467 659 1508 non
679 1447 792 1508 destitit.
813 1445 889 1528 Ergo
911 1454 978 1530 poet
997 1433 1083 1508 ttlris
1103 1446 1252 1506 transitum
1274 1468 1327 1506 οο-

191 1531 256 1592 hem
277 1529 405 1590 extendit
423 1527 560 1602 interdiu,
581 1545 655 1607 quae
674 1526 814 1622 populum
833 1532 995 1608 protegeret
1015 1525 1051 1591 ah
1071 1534 1151 1587 aestu
1170 1526 1253 1586 aulis:
1275 1546 1329 1584 oo·

190 1619 239 1672 ctu
257 1609 352 1670 illuxit
370 1627 423 1689 per
441 1607 605 1668 columnam
624 1608 706 1687 ignis,
727 1612 760 1666 ut
778 1606 810 1666 io
828 1605 953 1666 tenebris
973 1603 1100 1666 lucidum
1120 1607 1180 1666 eius
1196 1625 1331 1686 praesen-2

191 1691 247 1750 tiae
266 1689 378 1768 signum
398 1693 532 1747 exstaret.
553 1682 632 1746 Haec
651 1692 728 1745 certe
748 1689 958 1765 perseverantia
971 1685 1100 1766 locuples
1109 1687 1237 1766 perpetui
1248 1705 1330 1746 anro-

190 1772 229 1829 ris
248 1769 327 1828 testis
348 1768 411 1844 suit,
430 1767 490 1832 sesi
509 1765 603 1848 palem
623 1764 875 1830 ostcuductlleus
892 1763 1151 1828 filiosAhrahaese
1166 1765 1328 1846 adoptasse,

191 1855 224 1910 ut
248 1845 383 1908 induem
403 1865 422 1906 u
459 1865 495 1906 ue
514 1843 567 1909 suh
587 1843 715 1906 custodia
736 1863 787 1904 sua
807 1844 926 1904 foveret.
967 1843 1056 1923 Quod
1075 1845 1111 1907 tle
1129 1847 1331 1906 cotumtethns

191 1928 336 2008 sequitur,
359 1925 416 1986 alie
447 1944 493 1986 me
509 1926 610 1989 recitat
628 1922 774 2004 Propheta
794 1943 882 2004 quam
901 1923 977 1986 alibi.
1018 1924 1137 1986 Certum
1156 1932 1200 1984 est
1218 1927 1328 1984 adseri-

190 2006 221 2068 hi
249 2007 310 2068 irae
329 2004 386 2066 Dei
410 2007 506 2086 potius
526 2023 613 2086 οοοοο
633 2003 849 2078 beneficentiae,
877 2003 1000 2068 delatam
1019 2003 1107 2064 fuisse
1134 2006 1247 2085 copiam
1279 2023 1330 2062 ro-

191 2088 344 2161 luminum,
363 2091 397 2144 ut
415 2103 446 2145 se
465 2083 590 2166 populus
609 2083 741 2144 carnibus
761 2085 890 2146 satiaret:
911 2087 995 2146 sicuti
1014 2087 1100 2145 etiam
1120 2093 1186 2144 aute
1202 2084 1329 2144 vidimus

191 2166 355 2248 exprobari.
394 2163 453 2225 Sed
482 2183 559 2226 nunc
583 2165 687 2226 omissa
707 2184 808 2226 eorum
827 2165 1042 2244 ingratitudine,
1072 2163 1217 2245 Propheta
1237 2165 1330 2226 conti

191 2266 278 2308 uuam
298 2265 365 2326 arga
384 2264 435 2305 eos
454 2243 511 2304 Dei
529 2241 734 2326 indulgentiam
753 2244 884 2306 celebrat
910 2243 971 2306 Nisi
993 2245 1065 2306 lorte
1081 2245 1333 2330 palaestinensem·

192 2329 323 2406 accipere
347 2323 432 2386 libeat
454 2327 484 2388 io
504 2323 609 2386 malam
629 2331 754 2405 partem,
778 2327 922 2405 quianon
943 2327 1109 2406 suppliciter
1129 2325 1225 2386 Deum
1245 2345 1328 2406 roga·

191 2409 233 2466 rit
252 2405 387 2486 populus,
406 2405 455 2466 sed
475 2422 527 2470 sua
546 2403 633 2466 intem
655 2405 712 2466 erie
732 2405 853 2486 prosiliit
872 2406 908 2465 ad
929 2403 1164 2489 ohshepeudpm:
1184 2407 1242 2466 imo
1263 2427 1328 2484 pro-

192 2493 272 2546 terve
294 2505 361 2548 eum
381 2482 446 2546 Deo
465 2484 595 2564 litigavit.
664 2503 700 2544 oc
719 2486 806 2546 modo
827 2485 1009 2566 amplificatio
1029 2495 1119 2561 esset,
1148 2486 1226 2566 quod
1248 2483 1329 2544 lions

192 2569 257 2624 iure
281 2585 334 2625 suo
359 2564 475 2638 cedens,
499 2583 604 2644 pravae
623 2565 709 2627 etiam
729 2563 875 2646 cupiditati
894 2585 1004 2634 morem
1024 2569 1148 2646 gesserit.
1190 2563 1266 2643 Quia
1289 2574 1330 2624 ta·

195 2665 261 2704 men
279 2651 390 2720 tacetur
408 2647 524 2716 crimen,
541 2645 669 2704 'sinamus
690 2645 767 2724 quod
787 2645 942 2726 simplicius
962 2654 1013 2721 est,
1034 2648 1195 2706 coacervari
1206 2647 1261 2706 trei
1282 2645 1329 2704 he-

196 2726 297 2784 netieia
324 2723 428 2801 quihus
460 2723 683 2804 redemptionem
708 2724 796 2786 semel
816 2743 833 2784 a
853 2744 884 2785 se
903 2724 1006 2786 iactam
1026 2728 1155 2790 sancivit.
1193 2723 1331 2806 Sequitur

194 2802 305 2876 deiude,
324 2811 477 2862 saturatos
495 2825 555 2863 esse
560 2827 639 2884 pune
648 2805 778 2864 coelesti.-
796 2805 837 2864 sie
856 2811 951 2866 aulem
971 2801 1028 2866 κατ’
1045 2805 1143 2880 ἔξοχον
1168 2803 1332 2865 Mauvuca·

194 2891 250 2956 tur,
271 2891 304 2942 ut
323 2881 389 2942 alrhi
411 2883 542 2942 vidimus.
582 2879 657 2942 Nam
677 2903 767 2977 quum
786 2884 914 2945 naturale
933 2886 1007 2946 site
1025 2891 1101 2947 tersa
1120 2884 1202 2945 nohis
1222 2887 1331 2966 produ·

196 2963 222 3020 ci
242 2962 417 3040 cibumque
437 2965 589 3036 vescimur,
605 2969 730 3041 apertius
749 2970 818 3024 tunc
836 2961 918 3024 Deus
937 2967 1066 3046 porrexit
1083 2985 1200 3026 manum
1209 2964 1331 3040 ludaeis,

195 3047 229 3099 ut
254 3059 304 3100 eos
330 3059 347 3098 e
367 3040 448 3100 coelo
469 3047 605 3122 pasceret.
645 3041 705 3102 lam
725 3045 791 3122 quia
811 3064 869 3105 non
890 3049 958 3104 satis
978 3051 1039 3106 erat
1058 3045 1122 3104 etho
1141 3044 1220 3104 refici
1240 3045 1331 3106 lame-

195 3121 275 3194 ticos,
295 3119 349 3180 nisi
369 3126 399 3181 et
418 3126 519 3200 potum
539 3118 620 3184 Deus
640 3129 812 3201 suggereret,
831 3125 909 3188 addit
927 3143 1028 3204 rupem
1048 3124 1281 3206 fuisseapertam,
1300 3132 1331 3185 et

196 3199 262 3260 inda
281 3199 399 3263 fluxisse
418 3218 507 3279 aquas
527 3219 579 3280 per
597 3199 659 3260 loca
678 3201 757 3263 arida
776 3203 822 3262 vel
841 3203 993 3264 desertum.
1225 3229 1228 3240 ·

276 3280 323 3341 42.
346 3286 426 3356 Quia
444 3283 617 3342 recordatus
636 3291 686 3342 est.
724 3280 833 3342 Iterum
851 3301 966 3344 causum
985 3282 1114 3364 designat
1132 3303 1184 3344 eur
1203 3291 1261 3344 tam
1281 3281 1331 3344 be·

193 3357 378 3437 argaeum.
393 3379 459 3422 eum
478 3360 587 3440 populo
605 3359 655 3420 illo
674 3363 772 3441 egerit,
791 3369 908 3444 hasque
927 3362 1087 3427 humaniter
1105 3383 1172 3424 eum
1192 3364 1328 3426 tolerave-

137 3433 141 3462 ¹
194 3440 241 3512 rit,
261 3457 364 3517 nempe
384 3445 417 3498 ut
435 3439 501 3500 fidei
522 3441 604 3500 datae
622 3448 725 3501 staret:
743 3445 810 3522 quta
830 3462 895 3504 cum
905 3441 1050 3504 nuruum
1069 3445 1214 3525 pepigerat
1227 3445 1330 3508 aethre

195 3516 292 3576 Deum
319 3519 433 3578 seminis
458 3522 528 3579 eius.
567 3519 631 3580 Ηοο
654 3527 751 3580 autem
774 3542 834 3582 nou
853 3521 904 3582 ahs
923 3543 955 3584 re
972 3542 1085 3584 summa
1105 3542 1174 3584 cura
1193 3525 1329 3584 traditum

195 3597 250 3654 luit
268 3614 286 3655 a
307 3595 466 3676 Prophetis,
486 3600 639 3677 gratuitum
658 3598 760 3660 foedus
779 3601 887 3664 lentem
907 3623 969 3662 esse
988 3622 1026 3662 ex
1045 3623 1104 3683 qao
1124 3604 1208 3662 lluxit
1221 3603 1329 3664 nedem

194 3675 266 3753 pho,
284 3681 314 3734 et
332 3677 465 3736 cautinus
485 3677 562 3736 salua
581 3697 620 3759 po
643 3680 695 3740 uli:
715 3682 783 3761 quia
802 3688 831 3742 et
850 3683 950 3742 melius
970 3683 1035 3744 iude
1053 3686 1178 3744 innotuit
1192 3682 1248 3742 Dei
1266 3701 1331 3763 gra·

198 3755 250 3828 tia,
271 3775 360 3833 quum
379 3755 449 3815 nihil
470 3756 595 3818 subitum
615 3699 706 3836 lieret,
725 3762 775 3820 sed
795 3768 906 3824 tantum
925 3763 1055 3844 impleret
1064 3761 1145 3822 Deus
1163 3761 1241 3843 quod
1260 3781 1331 3842 qua·

195 3839 263 3892 tuor
288 3841 354 3892 ante
380 3836 482 3894 seculis
502 3838 645 3916 polheitus
664 3839 764 3904 luerat.
806 3839 951 3903 Praeluxit
970 3863 1039 3924 ergo
1058 3841 1141 3902 Deus
1160 3842 1248 3902 verho
1267 3862 1330 3918 suo,

195 3925 234 3964 ne
253 3911 375 3968 obscura
394 3921 469 3974 esset
488 3935 540 3976 sna
560 3919 649 3995 gratia
668 3926 698 3978 et
716 3921 828 3980 veritas.
869 3920 935 3983 ldeo
956 3941 1057 3982 rursus
1075 3921 1221 4004 Propheta
1240 3924 1330 3984 incul-

196 3991 258 4060 cat,
293 3985 386 4047 Deum
406 4009 465 4052 non
485 3994 571 4056 luisse
591 4015 666 4056 nova
686 4017 770 4058 causa
790 3999 939 4062 inductum
959 4010 993 4066 ut
1010 4003 1152 4085 populum
1170 4003 1330 4076 redimeret,

195 4065 246 4123 sad
275 4065 362 4128 fidem
392 4075 421 4130 et
449 4073 582 4136 effectum
606 4075 726 4138 foederis
746 4080 790 4138 sui
810 4079 1022 4162 comprobasses
1053 4083 1170 4165 perinde
1188 4089 1249 4148 acsi
1267 4085 1330 4164 quis

195 4142 361 4238 thesaurum
386 4161 498 4213 erueret
522 4153 575 4214 sub
601 4162 677 4216 terra
701 4157 854 4228 delossum.
895 4160 956 4224 Nee
979 4163 1098 4226 dubium
1117 4171 1162 4224 est
1181 4164 1251 4243 quin
1269 4165 1331 4224 lou·

195 4242 259 4301 grus
288 4225 374 4288 tidem
404 4233 495 4309 gentis
513 4251 582 4292 suaa
600 4233 702 4295 ducere
722 4237 845 4300 voluerit
864 4238 1022 4321 Propheta,
1053 4249 1086 4302 ut
1104 4249 1185 4303 certe
1204 4243 1333 4324 persuasi

195 4310 293 4363 essem
321 4325 421 4368 omnes
452 4313 571 4389 posteri,
602 4315 668 4392 quia
698 4323 768 4376 tune
787 4325 905 4380 testatus
924 4329 986 4382 erat
1004 4321 1085 4385 Dens
1105 4322 1209 4382 tuturis
1228 4322 1331 4384 seculis

147 4458 148 4467 ἵ
197 4387 305 4441 certam
334 4392 363 4447 et
391 4387 512 4449 solidam
543 4391 631 4452 verho
655 4413 708 4456 suo
737 4399 885 4458 veritatem
905 4409 1050 4476 constare,
1079 4422 1136 4464 οοο
1158 4402 1247 4465 alium
1268 4401 1331 4464 lora
