2874 4888
307 235 321 273 0

506 311 518 353 1
531 311 552 352 R
578 309 626 352 Η
641 311 661 351 Α
676 311 694 353 i.
708 311 741 354 11.
768 311 902 356 lxxxix.
940 339 941 345 =
1077 351 1082 362 .
1222 315 1274 374 131

126 435 278 500 fidentiam
299 453 458 516 propensos
479 435 565 510 videl,
584 441 645 495 tam
664 433 825 496 humaniter
844 437 976 497 occurrit.
997 433 1066 516 Quo
1080 437 1175 500 minos
1185 457 1274 500 axon-

129 517 249 577 sationis
269 513 352 575 nobis
371 507 476 590 malet,
495 515 549 574 nisi
590 515 787 576 remissionem
813 517 874 576 iani
893 515 983 597 probe
1002 517 1138 579 maritam
1157 518 1273 582 indubia

127 597 188 657 lide
207 595 421 676 amplectimur,
441 613 530 674 quum
581 613 646 668 ens,
666 595 765 654 salutis
785 599 900 655 nostrae
919 596 1028 670 studio,
1048 593 1115 656 dum
1136 598 1200 660 vnlt
1218 619 1273 660 nos

124 675 221 737 ¹vestro
240 693 293 734 sno
313 673 442 734 addictos
461 691 531 736 esse.
551 675 660 734 nonini
679 693 733 733 sno
752 693 812 736 non
832 682 938 754 parcat
969 673 1030 735 Nisi
1049 679 1127 738 enim
1147 677 1272 740 sufficiat

126 755 213 816 nobis
232 753 357 836 simplex
376 753 537 834 promissio,
557 753 626 813 illud
647 755 729 834 quasi
747 755 876 836 pignoris
895 755 958 814 viee
977 755 1131 817 substituit.
1162 757 1271 818 Adver-

127 835 209 896 binm
230 835 335 908 Semel,
347 833 495 913 -signilicat
513 833 708 893 iusiurandum
727 853 789 894 esse
809 834 1003 908 irrevocabile,
1023 855 1077 896 nec
1098 835 1187 897 ullum
1208 857 1271 898 esse

125 914 339 976 inconstantiae
347 912 521 993 periculum.
537 911 615 972 Dicit
629 919 724 972 autem
739 933 771 974 se
786 913 893 974 iurasse
908 933 960 994 per
979 915 1153 977 sanctitatem
1174 935 1271 976 suom:

127 995 198 1076 quia
217 1010 362 1073 nusquam
381 993 542 1052 invenietur
561 993 652 1052 maior
671 1011 724 1073 par
784 1012 829 1052 em
849 995 931 1054 iuret.
961 990 1035 1054 Nam
1056 995 1123 1054 duur
1145 1015 1198 1056 nos
1218 1015 1271 1078 per
1310 1021 1312 1032 ·

126 1076 237 1156 ipsum·
246 1065 383 1146 iuramus,
401 1091 469 1132 enm
489 1073 687 1132 constituimus
708 1072 740 1132 lu
760 1075 842 1146 icem,
866 1073 948 1132 nobis
970 1093 1006 1133 ne
1025 1073 1214 1155 praeficimus,
1235 1079 1270 1135 ri-

127 1155 190 1214 euti
209 1160 313 1212 natura
333 1158 452 1232 praeest.
482 1150 541 1212 Sed
561 1152 695 1233 loqnntio
714 1155 804 1232 magis
824 1159 868 1212 est
886 1172 931 1212 em
950 1093 1062 1229 larisa,
1076 1177 1134 1236 per
1154 1161 1271 1218 Souctt·

126 1243 237 1306 tutem,
262 1249 350 1370 qnam
370 1233 395 1290 si
414 1232 534 1304 diceret,
559 1233 771 1313 perseipsum,
795 1251 853 1292 non
874 1173 961 1292 medlo
981 1235 1049 1314 quia
1069 1233 1189 1314 gloriam
1209 1238 1271 1312 eius

128 1331 263 1373 eommen
286 1317 324 1386 at,
345 1310 394 1370 sed
415 1313 482 1391 qnia
503 1311 539 1371 ad
559 1311 803 1371 confirmationem
823 1311 891 1373 fidei
910 1313 994 1394 longe
1015 1319 1060 1374 est
1079 1315 1181 1394 aptior,
1202 1315 1270 1374 dum

128 1393 230 1454 lideles
249 1395 368 1451 revocat
388 1391 423 1450 ad
442 1397 588 1452 terrenum
609 1391 785 1452 domicilium
805 1389 862 1450 Dei
887 1393 964 1473 qnod
991 1392 1044 1454 sibi
1065 1391 1202 1474 elegerat,
1234 1413 1272 1454 ne
1377 1423 1387 1442 ι

128 1471 234 1556 procul
255 1467 434 1551 qnae'reudns
454 1478 537 1530 meet.
577 1468 680 1551 Neque
697 1473 775 1531 enim
794 1471 893 1532 dubito
913 1473 983 1554 quin
1003 1471 1202 1533 Sanetuarium
1223 1473 1272 1532 de·

129 1555 222 1633 signet
244 1550 301 1646 lroc
319 1551 449 1610 nomine:
468 1569 563 1645 neque
581 1557 677 1646 temen
697 1551 782 1611 aliter
793 1571 879 1648 quarn
893 1571 945 1631 per
957 1553 1081 1632 seipsum
1096 1553 1181 1627 iurat,
1202 1553 1270 1634 quia
1353 1607 1356 1614 r

127 1629 812 1778 tttiutrtttittlstitutus,
826 1631 1295 1792 ‘stituta‘tillntt

92 1805 95 1810 ·
129 1809 205 1873 qnae
228 1792 259 1850 in
282 1795 358 1849 terra
378 1787 495 1852 visibilis
519 1789 647 1850 residet..
673 1789 760 1868 Quod
781 1790 817 1849 ad
836 1790 957 1850 formam
978 1791 1089 1850 iurandi
1108 1791 1271 1872 eclipticam·
1366 1814 1372 1822 ·

129 1873 244 1944 attinet,
263 1868 330 1929 alibi
349 1867 473 1928 vidimus
492 1869 589 1928 tritam
608 1869 696 1929 inisse
715 1869 862 1930 Hebraeis.
891 1869 942 1930 Sic
962 1877 1062 1944 autern
1078 1870 1271 1932 admoneban-

125 1957 187 2020 tur,
207 1949 302 2010 sobrie
321 1949 491 2008 sumendum
510 1967 573 2009 esse
592 1945 649 2009 Dei
668 1969 782 2022 nomen,
807 1967 844 2008 ne
864 1953 970 2009 temere
990 1956 1020 2010 et
1039 1949 1176 2010 audacter
1194 1951 1267 2010 indi-

129 2032 207 2090 sium
217 2029 271 2089 sibi
286 2034 474 2089 aeomssrentr
493 2030 560 2108 quia
575 2027 713 2110 abruptus
728 2049 821 2088 sermo
835 2035 865 2088 et
884 2045 1055 2109 suspensus,
1083 2031 1171 2089 instar
1196 2029 1270 2090 freni

128 2117 192 2171 erat
210 2109 246 2169 ad
265 2110 345 2190 ipsos
364 2107 546 2170 cohibendos.
567 2105 682 2168 Novum
697 2115 792 2169 autem
807 2127 867 2168 non
886 2115 940 2186 est,
959 2107 1056 2169 Deum
1076 2107 1185 2190 aliquid
1204 2129 1268 2169 mu·

128 2191 208 2251 tussi
226 2209 243 2248 a
263 2189 409 2250 communi
428 2187 577 2248 hominum
597 2207 686 2250 more.

211 2271 260 2332 37.
288 2273 393 2329 semes·
412 2276 484 2328 eius.
523 2266 661 2346 Sequitur
683 2284 760 2326 nnuc
783 2265 950 2346 promissio,
979 2265 1024 2325 ins
1049 2265 1130 2346 regni
1154 2284 1269 2348 semper
1401 2265 1405 2276 ’

133 2365 296 2410 mansurum
317 2363 405 2427 penes
424 2353 554 2427 posteros
576 2345 702 2406 Davidls.
732 2344 802 2404 Duo
822 2347 898 2405 enim
919 2343 1004 2403 simul
1024 2347 1128 2404 eonion
1149 2347 1179 2422 Ἰ,
1223 2367 1283 2406 ro·=

110 2429 240 2510 tgeniem
259 2433 289 2488 et
308 2425 421 2499 solium,
442 2427 545 2507 quibus
556 2425 649 2486 verbis
668 2426 844 2507 promittitur
862 2424 942 2504 regni
962 2425 1112 2484 aeternitas
1130 2365 1187 2486 llas
1200 2367 1269 2507 lego
1391 2423 1394 2429 ’

17 2531 22 2544 ’
130 2527 168 2569 ne
187 2507 223 2567 ad
241 2507 351 2566 alienos
370 2523 497 2586 unquam
521 2513 654 2566 transeat.
694 2504 828 2565 Citantnr
846 2501 899 2563 Sol
918 2509 948 2563 et
967 2501 1049 2564 Luna
1070 2509 1170 2564 testes:
1201 2507 1269 2584 quia

128 2589 183 2648 etsi
202 2586 369 2646 subiaceant
384 2586 572 2666 corruptioni,
602 2585 667 2666 plus
690 2586 720 2644 in
745 2603 776 2644 se
796 2583 901 2644 habeut
920 2583 1061 2642 firmitatis
1080 2603 1168 2664 quam
1188 2591 1264 2646 terra

129 2668 178 2728 vel
202 2672 269 2727 aere
291 2663 407 2746 quarmo
431 2665 569 2726 elementa
590 2665 720 2725 ridemus
746 2665 888 2724 continuis
913 2663 1117 2723 mutationibus
1137 2683 1198 2724 esse
1219 2664 1268 2725 ob·

128 2748 228 2842 ‘⁰³³⁸‘
248 2739 422 2884 iltuit
435 2743 1269 2884 ‘tistitustituli.titulusita:

128 2829 265 2967 qqenpupt:
283 2844 442 2964 eslmmpuip
450 2909 567 2964 naturae
587 2904 694 2965 ordine.
734 2903 794 2962 lam
821 2869 910 2984 quum
934 2843 1015 2962 siles
1034 2904 1111 2984 regia
1131 2921 1269 2964 concussa

128 2987 217 3047 inerit
236 2983 289 3044 snb
310 2968 388 3043 liclia
427 3001 486 3058 am,
507 2989 538 3042 nt
558 2985 644 3066 paulo
664 2991 731 3044 aute
750 2983 890 3059 diximus,
915 2990 1016 3064 postea
1036 3000 1106 3044 vero
1147 2985 1218 3042 'ruta
1238 2990 1269 3043 et
1399 2997 1401 3010 ·

128 3083 244 3128 eversas
274 3066 404 3143 seqnitur
422 3079 491 3123 ‘non
522 3083 607 3144 posse
635 3064 783 3123 oraculum
809 3063 865 3123 hoe
893 3063 1024 3143 restringi
1053 3062 1089 3122 ad
1145 3063 1266 3122 aridem.

127 3145 233 3226 Neque
256 3145 332 3203 enirn
352 3141 405 3202 Sol
429 3143 552 3202 interdiu
577 3145 687 3216 lucere,
716 3149 746 3204 et
764 3142 846 3202 Luna
871 3150 961 3202 noctu
986 3143 1107 3214 destitit,
1137 3144 1269 3222 quamde

128 3227 258 3287 exuncn
278 3231 353 3284 esset
373 3224 434 3282 sine
453 3242 505 3302 spe
524 3223 711 3284 restitutionis
725 3230 842 3282 externa
853 3225 933 3302 regni
946 3222 1077 3302 dignitas.
1098 3221 1165 3282 ldeo
1176 3223 1269 3281 donec

128 3306 166 3365 ad
192 3303 341 3364 Christum
365 3309 483 3363 ventum
507 3301 607 3378 luerit,
639 3303 729 3362 videri
759 3302 846 3361 fallax
876 3301 988 3361 insule
1013 3302 1161 3382 promissis
1187 3299 1268 3362 Deus

127 3390 236 3466 posset
276 3381 386 3442 Verum
410 3382 456 3440 hic
480 3383 624 3457 surculus,
654 3383 704 3463 qui
730 3383 843 3442 emersit
867 3399 905 3440 ex
928 3387 1031 3441 trunco
1051 3380 1121 3458 lsai,
1149 3400 1181 3442 ro
1205 3383 1267 3464 ipsa
1382 3461 1385 3476 .

128 3463 258 3526 ostendit
275 3462 362 3523 tidem
381 3463 521 3544 optimam
540 3461 586 3522 his
604 3461 701 3524 verbis
718 3461 885 3523 constitisse.

219 3663 274 3732 39.
307 3662 361 3732 Tu
381 3672 489 3731 autem
511 3661 710 3730 abominatus
731 3683 767 3731 es
788 3669 822 3730 et
842 3661 993 3753 repulisti,
1013 3661 1109 3730 iratus
1131 3683 1166 3730 es
1188 3659 1269 3728 llles

52 3839 68 3859 ,1
128 3769 204 3838 siae¹
218 3779 290 3836 tuo:
333 3765 387 3837 40.
420 3767 553 3840 Cessare
575 3768 676 3836 iecisti
697 3769 811 3836 foedus
838 3767 921 3836 servi
942 3763 1003 3852 tui,
1028 3767 1199 3860 profanasti
1227 3765 1267 3833 ad

127 3887 247 3946 terram
269 3873 411 3945 diadema
440 3878 517 3944 eius.
556 3869 617 3944 41.
651 3873 807 3968 Dirupisti
839 3897 952 3942 omnes
974 3897 1084 3942 muros
1106 3873 1191 3964 eius,
1213 3897 1268 3963 po-

126 3983 227 4052 suisti.
253 3983 446 4052 munitiones
479 3982 549 4050 eins
581 3981 759 4051 fracturam.
815 3974 870 4048 42.
908 3979 1050 4048 Praednti
1083 3989 1159 4046 sunt
1192 4001 1267 4046 eum

127 4111 244 4158 omnes
266 4100 464 4184 transeuntes
479 4087 581 4156 vienn
602 4087 662 4156 tuit
684 4086 890 4180 opprobrium
905 4085 1015 4156 vicinis
1032 4085 1107 4152 suis.
1129 4078 1182 4152 43.
1206 4067 1268 4151 Ei-

125 4195 227 4265 tulisti
251 4195 394 4264 dextram
417 4214 643 4288 oppressomm
664 4193 750 4278 eius,
782 4169 960 4262 exhila'rasti
988 4212 1101 4260 omnes
1127 4189 1268 4260 adversa·

124 4302 192 4372 rios
215 4301 297 4370 eius.
325 4297 378 4370 44.
396 4301 507 4368 Etiam
528 4301 671 4370 retudisti
692 4301 790 4369 robur
811 4300 903 4393 gladii
925 4300 1002 4381 eius,
1024 4308 1059 4366 et
1079 4321 1147 4366 non
1161 4297 1268 4367 iecisti
1301 4379 1306 4402 Ι

125 4431 202 4480 enm
225 4419 311 4478 stare
332 4408 365 4478 in
386 4408 517 4501 prpelio.
562 4401 616 4476 45.
649 4407 803 4476 Delevisti
826 4405 1027 4561 spleqqlqrem
1054 4403 1139 4491 eins,
1165 4409 1268 4473 etro
