2862 4888
157 222 177 281 g
579 183 867 264 sclavinas

61 369 64 378 ·
157 339 417 489 demdahprffls
431 315 539 419 ‘cordia
558 338 660 404 delude
680 360 749 409 vam
767 361 831 406 eam
852 341 1130 409 testartrsctttadlns
1148 345 1277 410 oruata

157 443 215 505 apu
1272 469 1276 477 .

248 587 300 656 15.
322 585 363 654 si,
381 585 507 671 dixero,
528 583 668 654 Narrabo
691 586 753 670 sie,
780 585 864 654 Ecce
885 553 1044 678 generatio
1066 587 1206 656 liliorum
1226 599 1298 658 tuo-

130 775 131 784 ,
159 715 245 762 rurnr
271 703 493 786 transgressus.
510 711 592 759 sum.
639 690 691 759 16.
713 690 756 758 Et
784 691 810 759 si
840 691 975 786 applicui
1003 693 1144 761 animum
1172 695 1298 762 adhoc
1418 753 1419 758 ,

96 827 100 844 =
129 835 136 842 ·
160 793 334 882 sciendum,
354 795 499 867 molestia
520 797 553 864 id
580 795 639 868 tuis
663 797 698 864 in
725 795 824 866 omlis
851 797 940 868 meis.
988 797 1041 870 17.
1063 799 1177 872 Donec
1197 788 1297 894 ingre·¹

160 906 228 974 diar
247 905 281 972 in
303 903 486 974 Sanctuaria
508 901 580 988 Dei,
600 902 772 997 intelligam
791 901 1002 972 novimimum
1024 889 1147 974 adimo.

240 1051 288 1116 15.
308 1052 476 1112 St‘dtxsro.
507 1045 584 1128 Quia
597 1045 693 1110 David
712 1047 906 1144 cogitationes,
927 1047 1030 1129 quihus
1050 1057 1175 1114 tentatus
1194 1029 1298 1128 iuerat,

162 1148 310 1214 perversas
334 1149 398 1190 esse
420 1129 512 1204 videt,
538 1127 652 1190 irenam
677 1127 730 1188 sibi
754 1130 857 1202 amicit,
880 1147 1020 1209 suamque
1045 1129 1189 1192 levitatem
1215 1151 1298 1192 coar-
1401 1165 1409 1171 -

163 1212 224 1294 guit
243 1209 320 1292 quod
344 1207 409 1270 sihi‘
422 1207 563 1288 ambigere
587 1208 755 1290 permiserit.
792 1205 856 1268 Etsi
880 1213 982 1270 autem.
1004 1211 1152 1272 eonsilium
1176 1205 1299 1274 Davidis

164 1291 281 1352 minime
304 1288 457 1350 obscurum
482 1295 539 1363 cst,
567 1288 598 1348 in
626 1287 720 1348 verbis
748 1285 845 1348 subest
869 1287 977 1368 aliquid
1005 1289 1185 1370 perplexum.
1224 1295 1298 1366 Ὦ]
1367 1327 1375 1336 -

163 1367 303 1510 spgnihcat
321 1366 486 1448 transgredi,
505 1373 592 1448 atquo
611 1368 696 1461 etiarn
720 1364 828 1428 lallere.
867 1365 935 1428 ldeo
960 1375 1076 1429 vertunt
1099 1369 1225 1450 qnidam,
1244 1367 1267 1430 F
1268 1390 1297 1430 e-

162 1449 178 1508 f
213 1451 223 1509 i
241 1449 466 1531 generationem:
486 1449 544 1508 acsi
564 1447 690 1520 dixisset,
708 1441 879 1508 Fraudarens
898 1445 956 1508 hoc
974 1445 1061 1508 modo
1081 1468 1132 1530 spe
1151 1469 1203 1510 sua
1222 1448 1299 1511 filios

162 1535 239 1590 tuos
278 1525 403 1589 Vertunt
421 1527 480 1602 alii,
498 1523 701 1608 Transgressus
726 1545 790 1586 sum
812 1525 1084 1607 ingenerationem,
1108 1529 1165 1590 hoc
1184 1537 1235 1602 ert,
1255 1528 1297 1588 la·
1418 1571 1419 1576 η

163 1627 258 1670 cerem
276 1606 410 1668 iniuriam
429 1604 568 1666 fidelihus.
609 1601 667 1665 Sed
688 1599 824 1686 ¹quoniam
843 1603 930 1666 verba
943 1603 1104 1687 Prophetae
1123 1610 1164 1668 sic
1183 1607 1299 1684 hahent,

31 1697 34 1710 '
162 1711 227 1750 ecce
244 1695 399 1769 generatio
410 1687 550 1766 filiorm
569 1695 699 1758 taenara,
721 1695 926 1766 trangressus
944 1708 1026 1747 eamr
1044 1705 1082 1748 ex
1101 1687 1204 1768 quibus
1224 1689 1298 1769 opti·

32 1815 40 1834 .
162 1786 228 1831 mas
247 1786 346 1828 seusus
366 1763 491 1828 elicitur:
510 1764 675 1859 simpliciter
694 1763 934 1846 deinter-pretor,
951 1763 985 1826 Si
1002 1766 1300 1848 impiae-dubitationi

165 1847 311 1916 assentiar,
330 1843 528 1924 transgredior,
548 1863 615 1924 quia
634 1862 700 1904 ecce
721 1841 873 1924 perdurant
883 1843 980 1906 lideles
1000 1845 1030 1906 in
1048 1846 1166 1920 mundo,
1185 1854 1301 1924 etsemff

76 1925 82 1933 ⁹
164 1919 1304 2082 ttttttlhtlttttttttrttdadtttttt,‘tltttffl‘lttlr

164 2091 261 2147 autem
285 2083 351 2144 alibi
373 2103 478 2144 nomeu
497 2087 563 2152 'tl't
584 2083 699 2164 proprie
725 2076 761 2142 ad
781 2087 894 2162 tempus
913 2025 1052 2146 referri.eg
1062 2083 1145 2146 Nunc
1161 2086 1237 2146 clare
1255 2077 1302 2148 te'

164 2182 267 2228 nemus
286 2161 356 2244 quid
375 2161 445 2223 velit
464 2159 574 2236 David,
599 2181 694 2242 qnurn
713 2159 767 2221 sihi
788 2161 954 2243 indulgeant
979 2163 1090 2246 profani
1115 2163 1243 2226 homines
1268 2166 1301 2225 iu

112 2306 114 2315 ,
164 2247 224 2306 suis
243 2241 492 2326 speculationibus,
512 2241 603 2304 donec
621 2243 729 2379 scipsos
748 2241 863 2302 tandem
882 2240 1031 2330 obdurent,
1055 2252 1084 2306 et
1102 2264 1222 2308 excusso
1242 2243 1301 2306 Dei

166 2330 255 2399 metu,
274 2321 360 2404 simul
379 2321 512 2382 obiiciant
529 2341 610 2403 spem
629 2340 660 2382 aa
673 2321 741 2380 utic:
762 2328 877 2380 sanctus
901 2323 954 2398 vir,
978 2343 1020 2384 nc
1038 2325 1067 2382 in
1087 2323 1144 2384 tale
1163 2324 1301 2404 praecipi·

166 2407 238 2464 tium
261 2409 340 2477 ruat,
364 2401 488 2484 seipsum
514 2401 676 2482 compescit.
716 2401 857 2462 Narrare
886 2397 933 2460 hic
967 2401 1134 2462 tantundem
1164 2403 1240 2462 valet
1263 2421 1300 2464 ac

189 2483 351 2546 renuntiare
370 2481 448 2561 quod
467 2481 617 2542 meditatus
636 2481 684 2552 sis,
702 2481 801 2562 itaque
820 2498 918 2542 sensus
937 2487 991 2558 est,
1010 2479 1042 2541 Si
1062 2481 1204 2555 iudicium⁴
1217 2483 1303 2563 quasi

167 2505 204 2625 de
223 2583 255 2624 re
275 2567 352 2634 certa
371 2559 524 2642 proferam,
549 2559 683 2621 scelerata
708 2561 764 2622 erit
787 2559 979 2640 transgressio.
1021 2557 1120 2638 Quum
1144 2580 1212 2642 crgo
1232 2567 1305 2640 ante,

108 2639 111 2646 ’
167 2661 322 2722 suspensus
340 2637 476 2714 haereret,
495 2659 572 2701 nunc
592 2659 622 2700 se
642 2641 765 2719 graviter
783 2657 918 2721 peccasse
936 2641 1071 2722 agnoscit.
1108 2637 1194 2700 Ratio
1214 2643 1301 2704 inter·

190 2723 294 2794 onitur,
313 2719 379 2800 quia
396 2717 477 2778 Deus
497 2719 637 2802 populum
656 2717 781 2813 aliquem
798 2719 828 2778 in
847 2719 955 2782 maudo
975 2719 1158 2801 superstitem
1176 2727 1301 2784 tueatur.

167 2738 207 2862 Et
229 2798 342 2860 videtur
366 2798 615 2860 demonstrativam
643 2799 810 2878 particulam
835 2821 911 2874 ecce,
938 2819 969 2860 re
990 2808 1066 2862 ctera
1091 2820 1128 2862 ex
1153 2800 1300 2881 opposito:

169 2880 238 2962 quia
282 2877 348 2940 aulo
372 2881 438 2938 ante
461 2878 584 2952 dixerat,
608 2871 683 2937 Ecce
706 2877 752 2936 isti
778 2877 914 2939 scelerati.
978 2881 1108 2942 telesiam
1127 2899 1207 2956 vcro,
1226 2899 1301 2960 quac

169 2967 230 3022 tam
262 2959 354 3019 uriose
373 2977 390 3018 a
409 2957 516 3018 Satana
534 2965 564 3018 et
582 2957 736 3018 innumeris
755 2954 881 3020 hostiurn
901 2957 997 3040 copiis
1012 2959 1307 3042 impetitur,.,sslvam.

70 3057 74 3065 “
157 3058 295 3122 manere,
314 3056 382 3100 vere
401 3037 528 3098 divinum
548 3037 715 3097 miraculum
735 3043 785 3096 est.

250 3119 299 3182 16.
319 3119 360 3178 Et
384 3141 404 3178 o
445 3119 516 3179 licut
538 3125 678 3177 animam.
718 3113 844 3184 Verbum
870 3117 963 3188 :wll
983 3137 1042 3198 quo
1068 3119 1167 3193 utitur,
1187 3121 1303 3200 proprie

171 3206 326 3280 supputare
350 3195 501 3278 signi'cat,
525 3195 666 3256 interdum
690 3215 759 3256 vero
785 3197 963 3258 considerare
987 3197 1034 3256 vel
1058 3199 1302 3280 expenderer.aed
1418 3235 1419 3242 κ

170 3277 290 3338 adiectio
314 3295 430 3338 sensum
454 3295 543 3356 quem
588 3275 649 3336 osui
672 3276 795 3356 flagitat,
820 3277 899 3356 quod
923 3277 1049 3336 animuin
1072 3296 1157 3336 suum
1186 3277 1221 3338 ad
1246 3277 1302 3338 hoc

170 3355 317 3418 sciendum
341 3355 516 3438 applicuerit.
599 3360 692 3416 terum
716 3356 846 3435 quamvis
876 3356 1103 3450 transgressionis
1131 3375 1161 3416 se
1186 3357 1302 3418 damua-

170 3436 257 3510 verit,
281 3454 358 3496 nunc
382 3442 478 3496 tamen
502 3433 606 3492 latetur
635 3453 666 3493 ae
691 3454 750 3494 non
779 3433 864 3494 fuisse
890 3435 1054 3514 explicitum
1078 3435 1113 3494 ah
1138 3435 1303 3516 ambagibus

194 3536 246 3576 uae
265 3515 326 3576 eius
345 3515 471 3574 animum
492 3511 693 3587 distrahebant,
714 3513 805 3574 donec
829 3516 971 3594 ingressus
991 3521 1035 3574 est
1049 3511 1217 3576 sanctuaria
1235 3512 1310 3587 Dei„

127 3649 129 3658 ,
171 3538 291 3656 damma
315 3594 390 3656 enim
416 3592 568 3654 verborum
591 3590 648 3652 huc
672 3593 775 3662 tendit,
799 3595 930 3674 quamvis
953 3593 1011 3652 huc
1034 3600 1063 3654 ct
1086 3593 1155 3654 illuc
1177 3593 1303 3656 mentem

173 3694 255 3735 suam
280 3678 417 3748 verteret,
446 3671 641 3750 ratiocinando
673 3677 769 3732 tanuen
798 3693 857 3732 non
882 3675 1006 3755 potuisse
1026 3673 1138 3752 assequi
1180 3673 1304 3736 uomodo

172 3755 246 3815 inter
266 3759 359 3814 tantas
379 3749 603 3834 perturbationes
612 3749 693 3811 Deus
712 3751 849 3812 mundum
869 3751 1013 3834 gubernet.
1043 3749 1135 3813 Porro
1156 3695 1192 3814 dc
1211 3755 1304 3835 seipso

171 3833 308 3914 loquens,
331 3830 466 3893 admonet
489 3851 580 3913 quous
603 3850 638 3890 ue
663 3831 826 3912 perveniant
852 3831 980 3892 homines
1005 3827 1053 3892 uhi
1078 3835 1195 3914 proprio
1219 3853 1305 3894 seusu
1339 3855 1343 3862 ·
1418 3877 1419 3888 ,

173 3913 245 3974 duce
265 3917 400 3992 aguntur:
424 3931 526 3990 nempe
550 3911 568 3970 d
606 3929 671 3970 cere
695 3909 747 3971 suh
773 3911 917 3984 molestia,
942 3910 1009 3992 quia
1032 3909 1102 3972 nihil
1128 3921 1238 3974 eertum
1258 3913 1305 3974 vel

174 3993 274 4052 stabile
293 4012 324 4052 re
345 3993 442 4051 eriant.
484 3989 544 4050 Nec
563 3989 636 4049 eninr
658 3989 774 4050 dubium
796 3992 865 4072 quin
880 3989 1047 4052 Sanctuaria
1068 4000 1195 4072 opponat
1214 3993 1305 4054 carnis

173 4073 286 4133 rationi.
326 4013 409 4132 ilnde
434 4071 575 4150 sequitur,
602 4071 668 4148 quic
690 4070 735 4128 uid
761 4090 800 4130 cx
824 4091 855 4132 sc
875 4071 1004 4131 homines
1023 4071 1146 4152 sapiunt,
1170 4071 1306 4134 frivolum

174 4171 237 4214 esse
257 4158 285 4211 et
305 4150 471 4210 evanidum:
498 4151 563 4230 quia
584 4149 645 4208 sola
669 4091 796 4208 docilitas
820 4150 874 4209 illis
895 4149 1061 4230 prudentiae
1080 4151 1145 4212 lbeo
1166 4157 1219 4227 cst,
1238 4151 1307 4214 dum

175 4230 301 4292 arerho
319 4229 376 4290 Dei
396 4231 527 4310 pendunt.
557 4225 657 4308 Neque
677 4244 746 4287 roro
767 4229 802 4290 de
820 4229 970 4290 incredulis
980 4230 1115 4310 loquitur,
1135 4232 1186 4310 qui
1205 4237 1308 4314 sponte

176 4311 347 4388 caecutiunt,
372 4309 478 4390 seipsos
502 4307 652 4368 involvunt
677 4307 834 4386 erroribus,
857 4309 990 4370 scandala
1014 4311 1099 4371 ctiam
1119 4309 1221 4391 cupida
1239 4311 1307 4372 arri·
