<?xml version="1.0" encoding="UTF-8"?>
<!DOCTYPE html PUBLIC "-//W3C//DTD XHTML 1.0 Transitional//EN"
    "http://www.w3.org/TR/xhtml1/DTD/xhtml1-transitional.dtd">
<html xmlns="http://www.w3.org/1999/xhtml" xml:lang="en" lang="en">
 <head>
  <title>
</title>
<meta http-equiv="Content-Type" content="text/html;charset=utf-8" />
  <meta name='ocr-system' content='tesseract 3.04.00' />
  <meta name='ocr-capabilities' content='ocr_page ocr_carea ocr_par ocr_line ocrx_word'/>
</head>
<body>
  <div class='ocr_page' id='page_1' title='image "./ioanniscalvinii04tholgoog_0135.png"; bbox 0 0 2874 4888; ppageno 0'>
   <div class='ocr_carea' id='block_1_1' title="bbox 113 295 871 369">
    <p class='ocr_par' dir='ltr' id='par_1_1' title="bbox 113 295 871 369">
     <span class='ocr_line' id='line_1_1' title="bbox 113 295 871 369; baseline 0.005 -32"><span class='ocrx_word' id='word_1_1' title='bbox 113 338 117 346; x_wconf 30' lang='lat' dir='ltr'><strong><em>s</em></strong></span> <span class='ocrx_word' id='word_1_2' title='bbox 168 295 220 353; x_wconf 66' lang='lat'><strong>125</strong></span> <span class='ocrx_word' id='word_1_3' title='bbox 351 320 376 369; x_wconf 66' lang='lat'><strong>¹.</strong></span> <span class='ocrx_word' id='word_1_4' title='bbox 530 329 536 336; x_wconf 93' lang='lat'><em>.</em></span> <span class='ocrx_word' id='word_1_5' title='bbox 591 297 871 363; x_wconf 63' lang='lat' dir='ltr'><strong>susumus</strong></span> 
     </span>
    </p>
   </div>
   <div class='ocr_carea' id='block_1_2' title="bbox 107 399 1420 821">
    <p class='ocr_par' dir='ltr' id='par_1_2' title="bbox 107 399 1420 821">
     <span class='ocr_line' id='line_1_2' title="bbox 169 399 1420 557; baseline 0.002 -76"><span class='ocrx_word' id='word_1_6' title='bbox 169 417 284 492; x_wconf 82' lang='lat' dir='ltr'><strong>dustria,</strong></span> <span class='ocrx_word' id='word_1_7' title='bbox 301 417 350 478; x_wconf 88' lang='lat' dir='ltr'><strong>sed</strong></span> <span class='ocrx_word' id='word_1_8' title='bbox 369 425 482 500; x_wconf 84' lang='lat' dir='ltr'><strong>praeter</strong></span> <span class='ocrx_word' id='word_1_9' title='bbox 500 437 580 557; x_wconf 79' lang='lat' dir='ltr'><strong>spem</strong></span> <span class='ocrx_word' id='word_1_10' title='bbox 599 417 719 501; x_wconf 84' lang='lat' dir='ltr'><strong>adeptus</strong></span> <span class='ocrx_word' id='word_1_11' title='bbox 740 426 792 492; x_wconf 81' lang='lat' dir='ltr'><strong>est,</strong></span> <span class='ocrx_word' id='word_1_12' title='bbox 811 416 928 480; x_wconf 87' lang='lat' dir='ltr'><strong>honoris</strong></span> <span class='ocrx_word' id='word_1_13' title='bbox 947 399 1032 479; x_wconf 85' lang='lat' dir='ltr'><strong>causa</strong></span> <span class='ocrx_word' id='word_1_14' title='bbox 1051 419 1114 480; x_wconf 80' lang='lat' dir='ltr'><strong>iiiii.</strong></span> <span class='ocrx_word' id='word_1_15' title='bbox 1134 417 1211 500; x_wconf 78' lang='lat' dir='ltr'><strong>Quia</strong></span> <span class='ocrx_word' id='word_1_16' title='bbox 1230 417 1301 504; x_wconf 78' lang='lat' dir='ltr'><strong>orgo</strong></span> <span class='ocrx_word' id='word_1_17' title='bbox 1411 435 1420 444; x_wconf 51' lang='lat'>⁸</span> 
     </span>
     <span class='ocr_line' id='line_1_3' title="bbox 169 497 1341 580; baseline 0.003 -20"><span class='ocrx_word' id='word_1_18' title='bbox 169 521 183 560; x_wconf 91' lang='lat' dir='ltr'><strong>s</strong></span> <span class='ocrx_word' id='word_1_19' title='bbox 205 508 271 559; x_wconf 87' lang='lat' dir='ltr'><strong>oute</strong></span> <span class='ocrx_word' id='word_1_20' title='bbox 289 506 320 558; x_wconf 86' lang='lat' dir='ltr'><strong>et</strong></span> <span class='ocrx_word' id='word_1_21' title='bbox 339 519 418 559; x_wconf 90' lang='lat' dir='ltr'><strong>mern</strong></span> <span class='ocrx_word' id='word_1_22' title='bbox 437 518 490 558; x_wconf 92' lang='lat' dir='ltr'><strong>suo</strong></span> <span class='ocrx_word' id='word_1_23' title='bbox 529 500 685 580; x_wconf 83' lang='lat' dir='ltr'><strong>cneplccito</strong></span> <span class='ocrx_word' id='word_1_24' title='bbox 700 497 804 560; x_wconf 82' lang='lat' dir='ltr'><strong>Doridi</strong></span> <span class='ocrx_word' id='word_1_25' title='bbox 824 501 945 560; x_wconf 80' lang='lat' dir='ltr'><strong>occurrit</strong></span> <span class='ocrx_word' id='word_1_26' title='bbox 964 498 1054 572; x_wconf 89' lang='lat' dir='ltr'><strong>Deos,</strong></span> <span class='ocrx_word' id='word_1_27' title='bbox 1075 507 1108 560; x_wconf 89' lang='lat' dir='ltr'><strong>ut</strong></span> <span class='ocrx_word' id='word_1_28' title='bbox 1126 521 1192 560; x_wconf 88' lang='lat' dir='ltr'><strong>eum</strong></span> <span class='ocrx_word' id='word_1_29' title='bbox 1213 501 1309 564; x_wconf 87' lang='lat' dir='ltr'><strong>mauu&#39;</strong></span> <span class='ocrx_word' id='word_1_30' title='bbox 1337 519 1341 536; x_wconf 76' lang='lat'><strong><em>⁴</em></strong></span> 
     </span>
     <span class='ocr_line' id='line_1_4' title="bbox 240 577 1301 660; baseline 0.004 -22"><span class='ocrx_word' id='word_1_31' title='bbox 240 577 309 638; x_wconf 83' lang='lat' dir='ltr'><strong>uelis</strong></span> <span class='ocrx_word' id='word_1_32' title='bbox 334 580 364 638; x_wconf 92' lang='lat' dir='ltr'><strong>in</strong></span> <span class='ocrx_word' id='word_1_33' title='bbox 384 577 491 658; x_wconf 79' lang='lat' dir='ltr'><strong>Regem</strong></span> <span class='ocrx_word' id='word_1_34' title='bbox 516 587 650 660; x_wconf 72' lang='lat' dir='ltr'><strong>ungeret,</strong></span> <span class='ocrx_word' id='word_1_35' title='bbox 678 581 779 640; x_wconf 85' lang='lat' dir='ltr'><strong>merito</strong></span> <span class='ocrx_word' id='word_1_36' title='bbox 803 581 977 660; x_wconf 79' lang='lat' dir='ltr'><strong>pronuntiat</strong></span> <span class='ocrx_word' id='word_1_37' title='bbox 992 599 1023 640; x_wconf 89' lang='lat' dir='ltr'><strong>ss</strong></span> <span class='ocrx_word' id='word_1_38' title='bbox 1046 580 1125 640; x_wconf 87' lang='lat' dir='ltr'><strong>ilium</strong></span> <span class='ocrx_word' id='word_1_39' title='bbox 1151 582 1301 642; x_wconf 84' lang='lat' dir='ltr'><strong>iuvenisse.</strong></span> 
     </span>
     <span class='ocr_line' id='line_1_5' title="bbox 156 657 1302 738; baseline 0 -18"><span class='ocrx_word' id='word_1_40' title='bbox 156 659 272 720; x_wconf 77' lang='lat' dir='ltr'><strong>‘Postea</strong></span> <span class='ocrx_word' id='word_1_41' title='bbox 291 657 426 738; x_wconf 72' lang='lat' dir='ltr'><strong>adiungit</strong></span> <span class='ocrx_word' id='word_1_42' title='bbox 437 677 468 716; x_wconf 88' lang='lat' dir='ltr'><strong>se</strong></span> <span class='ocrx_word' id='word_1_43' title='bbox 487 659 636 720; x_wconf 80' lang='lat' dir='ltr'><strong>custodem</strong></span> <span class='ocrx_word' id='word_1_44' title='bbox 654 657 716 717; x_wconf 83' lang='lat' dir='ltr'><strong>fore</strong></span> <span class='ocrx_word' id='word_1_45' title='bbox 735 658 820 718; x_wconf 87' lang='lat' dir='ltr'><strong>huius</strong></span> <span class='ocrx_word' id='word_1_46' title='bbox 839 657 941 738; x_wconf 56' lang='lat' dir='ltr'><strong>reguis</strong></span> <span class='ocrx_word' id='word_1_47' title='bbox 956 660 1036 720; x_wconf 87' lang='lat' dir='ltr'><strong>cuius</strong></span> <span class='ocrx_word' id='word_1_48' title='bbox 1056 666 1156 720; x_wconf 87' lang='lat' dir='ltr'><strong>auctor</strong></span> <span class='ocrx_word' id='word_1_49' title='bbox 1175 668 1234 720; x_wconf 80' lang='lat' dir='ltr'><strong>esta</strong></span> <span class='ocrx_word' id='word_1_50' title='bbox 1266 665 1302 720; x_wconf 90' lang='lat' dir='ltr'><strong>si·</strong></span> 
     </span>
     <span class='ocr_line' id='line_1_6' title="bbox 107 725 1303 821; baseline 0.002 -21"><span class='ocrx_word' id='word_1_51' title='bbox 107 746 108 756; x_wconf 59' lang='lat'>¹</span> <span class='ocrx_word' id='word_1_52' title='bbox 170 742 227 800; x_wconf 87' lang='lat' dir='ltr'><strong>cuti</strong></span> <span class='ocrx_word' id='word_1_53' title='bbox 248 757 306 797; x_wconf 90' lang='lat' dir='ltr'><strong>non</strong></span> <span class='ocrx_word' id='word_1_54' title='bbox 325 737 400 820; x_wconf 72' lang='lat' dir='ltr'><strong>solet</strong></span> <span class='ocrx_word' id='word_1_55' title='bbox 418 737 550 798; x_wconf 85' lang='lat' dir='ltr'><strong>inchoata</strong></span> <span class='ocrx_word' id='word_1_56' title='bbox 569 725 621 800; x_wconf 78' lang='lat' dir='ltr'><strong>s&#39;ue</strong></span> <span class='ocrx_word' id='word_1_57' title='bbox 640 755 727 819; x_wconf 83' lang='lat' dir='ltr'><strong>opera</strong></span> <span class='ocrx_word' id='word_1_58' title='bbox 746 737 888 816; x_wconf 85' lang='lat' dir='ltr'><strong>deserere,</strong></span> <span class='ocrx_word' id='word_1_59' title='bbox 913 737 964 798; x_wconf 85' lang='lat' dir='ltr'><strong>sed</strong></span> <span class='ocrx_word' id='word_1_60' title='bbox 989 742 1125 799; x_wconf 77' lang='lat' dir='ltr'><strong>continuo</strong></span> <span class='ocrx_word' id='word_1_61' title='bbox 1149 759 1303 821; x_wconf 79' lang='lat' dir='ltr'><strong>progressu</strong></span> 
     </span>
    </p>
   </div>
   <div class='ocr_carea' id='block_1_3' title="bbox 56 817 597 906">
    <p class='ocr_par' dir='ltr' id='par_1_3' title="bbox 56 817 597 906">
     <span class='ocr_line' id='line_1_7' title="bbox 56 817 597 906; baseline -0.002 -28"><span class='ocrx_word' id='word_1_62' title='bbox 56 899 58 906; x_wconf 16' lang='grc' dir='ltr'><strong>Α</strong></span> <span class='ocrx_word' id='word_1_63' title='bbox 168 818 323 902; x_wconf 85' lang='lat' dir='ltr'><strong>perducere</strong></span> <span class='ocrx_word' id='word_1_64' title='bbox 342 817 378 876; x_wconf 84' lang='lat' dir='ltr'><strong>ad</strong></span> <span class='ocrx_word' id='word_1_65' title='bbox 398 836 481 876; x_wconf 86' lang='lat' dir='ltr'><strong>suum</strong></span> <span class='ocrx_word' id='word_1_66' title='bbox 501 817 597 878; x_wconf 88' lang='lat' dir='ltr'><strong>tinem.</strong></span> 
     </span>
    </p>
   </div>
   <div class='ocr_carea' id='block_1_4' title="bbox 109 893 1305 1695">
    <p class='ocr_par' dir='ltr' id='par_1_4' title="bbox 109 893 1305 1695">
     <span class='ocr_line' id='line_1_8' title="bbox 249 893 1303 979; baseline 0.001 -19"><span class='ocrx_word' id='word_1_67' title='bbox 249 899 297 960; x_wconf 73' lang='lat'><strong>23.</strong></span> <span class='ocrx_word' id='word_1_68' title='bbox 326 899 400 956; x_wconf 78' lang='lat' dir='ltr'><strong>Non</strong></span> <span class='ocrx_word' id='word_1_69' title='bbox 418 905 475 957; x_wconf 72' lang='lat' dir='ltr'><strong>erit</strong></span> <span class='ocrx_word' id='word_1_70' title='bbox 493 907 624 958; x_wconf 72' lang='lat' dir='ltr'><strong>exactor.</strong></span> <span class='ocrx_word' id='word_1_71' title='bbox 663 893 839 957; x_wconf 85' lang='lat' dir='ltr'><strong>Nomiustim</strong></span> <span class='ocrx_word' id='word_1_72' title='bbox 853 895 1002 976; x_wconf 67' lang='lat' dir='ltr'><strong>exprimit,</strong></span> <span class='ocrx_word' id='word_1_73' title='bbox 1022 897 1154 979; x_wconf 84' lang='lat' dir='ltr'><strong>quamvis</strong></span> <span class='ocrx_word' id='word_1_74' title='bbox 1173 895 1303 960; x_wconf 87' lang='lat' dir='ltr'><strong>bostibns</strong></span> 
     </span>
     <span class='ocr_line' id='line_1_9' title="bbox 169 974 1303 1057; baseline 0 -19"><span class='ocrx_word' id='word_1_75' title='bbox 169 998 228 1039; x_wconf 89' lang='lat' dir='ltr'><strong>uou</strong></span> <span class='ocrx_word' id='word_1_76' title='bbox 247 983 342 1038; x_wconf 72' lang='lat' dir='ltr'><strong>urent</strong></span> <span class='ocrx_word' id='word_1_77' title='bbox 361 974 470 1050; x_wconf 69' lang='lat' dir='ltr'><strong>David,</strong></span> <span class='ocrx_word' id='word_1_78' title='bbox 493 983 606 1057; x_wconf 87' lang='lat' dir='ltr'><strong>praesto</strong></span> <span class='ocrx_word' id='word_1_79' title='bbox 631 974 695 1037; x_wconf 80' lang='lat' dir='ltr'><strong>iore</strong></span> <span class='ocrx_word' id='word_1_80' title='bbox 714 975 770 1036; x_wconf 88' lang='lat' dir='ltr'><strong>Dei</strong></span> <span class='ocrx_word' id='word_1_81' title='bbox 790 980 922 1036; x_wconf 87' lang='lat' dir='ltr'><strong>virtutem</strong></span> <span class='ocrx_word' id='word_1_82' title='bbox 942 976 1065 1037; x_wconf 81' lang='lat' dir='ltr'><strong>adeum</strong></span> <span class='ocrx_word' id='word_1_83' title='bbox 1085 978 1240 1053; x_wconf 85' lang='lat' dir='ltr'><strong>tuendum,</strong></span> <span class='ocrx_word' id='word_1_84' title='bbox 1264 999 1303 1039; x_wconf 87' lang='lat' dir='ltr'><strong>ne</strong></span> 
     </span>
     <span class='ocr_line' id='line_1_10' title="bbox 109 1049 1303 1136; baseline 0 -18"><span class='ocrx_word' id='word_1_85' title='bbox 109 1066 113 1081; x_wconf 81' lang='lat'><em>&#39;</em></span> <span class='ocrx_word' id='word_1_86' title='bbox 168 1059 273 1124; x_wconf 85' lang='lat' dir='ltr'><strong>iniusta</strong></span> <span class='ocrx_word' id='word_1_87' title='bbox 293 1049 425 1115; x_wconf 77' lang='lat' dir='ltr'><strong>&#39;violentia</strong></span> <span class='ocrx_word' id='word_1_88' title='bbox 445 1063 598 1136; x_wconf 79' lang='lat' dir='ltr'><strong>prematur.</strong></span> <span class='ocrx_word' id='word_1_89' title='bbox 637 1055 729 1136; x_wconf 80' lang='lat' dir='ltr'><strong>Negat</strong></span> <span class='ocrx_word' id='word_1_90' title='bbox 751 1057 839 1136; x_wconf 81' lang='lat' dir='ltr'><strong>igitur</strong></span> <span class='ocrx_word' id='word_1_91' title='bbox 858 1051 998 1116; x_wconf 79' lang='lat' dir='ltr'><strong>Davidem</strong></span> <span class='ocrx_word' id='word_1_92' title='bbox 1023 1057 1086 1116; x_wconf 83' lang='lat' dir='ltr'><strong>iore</strong></span> <span class='ocrx_word' id='word_1_93' title='bbox 1105 1056 1234 1117; x_wconf 88' lang='lat' dir='ltr'><strong>hostibus</strong></span> <span class='ocrx_word' id='word_1_94' title='bbox 1253 1062 1303 1118; x_wconf 89' lang='lat' dir='ltr'><strong>tri-</strong></span> 
     </span>
     <span class='ocr_line' id='line_1_11' title="bbox 170 1134 1303 1218; baseline -0.003 -20"><span class='ocrx_word' id='word_1_95' title='bbox 170 1137 325 1198; x_wconf 82' lang='lat' dir='ltr'><strong>butarium:</strong></span> <span class='ocrx_word' id='word_1_96' title='bbox 355 1136 439 1194; x_wconf 86' lang='lat' dir='ltr'><strong>sicuti</strong></span> <span class='ocrx_word' id='word_1_97' title='bbox 454 1135 510 1214; x_wconf 72' lang='lat' dir='ltr'><strong>‘qui</strong></span> <span class='ocrx_word' id='word_1_98' title='bbox 535 1134 610 1195; x_wconf 85' lang='lat' dir='ltr'><strong>betto</strong></span> <span class='ocrx_word' id='word_1_99' title='bbox 635 1137 763 1196; x_wconf 85' lang='lat' dir='ltr'><strong>devictus</strong></span> <span class='ocrx_word' id='word_1_100' title='bbox 787 1143 843 1211; x_wconf 78' lang='lat' dir='ltr'><strong>est,</strong></span> <span class='ocrx_word' id='word_1_101' title='bbox 868 1138 980 1216; x_wconf 73' lang='lat' dir='ltr'><strong>cogitur</strong></span> <span class='ocrx_word' id='word_1_102' title='bbox 1004 1134 1099 1195; x_wconf 84' lang='lat' dir='ltr'><strong>subire</strong></span> <span class='ocrx_word' id='word_1_103' title='bbox 1123 1137 1235 1218; x_wconf 81' lang='lat' dir='ltr'><strong>iniquas</strong></span> <span class='ocrx_word' id='word_1_104' title='bbox 1259 1143 1303 1196; x_wconf 86' lang='lat' dir='ltr'><strong>vi-</strong></span> 
     </span>
     <span class='ocr_line' id='line_1_12' title="bbox 170 1213 1304 1298; baseline 0.001 -23"><span class='ocrx_word' id='word_1_105' title='bbox 170 1217 257 1276; x_wconf 82' lang='lat' dir='ltr'><strong>ctoris</strong></span> <span class='ocrx_word' id='word_1_106' title='bbox 276 1215 360 1294; x_wconf 78' lang='lat' dir='ltr'><strong>leges.</strong></span> <span class='ocrx_word' id='word_1_107' title='bbox 391 1213 505 1274; x_wconf 81' lang='lat' dir='ltr'><strong>iuterim</strong></span> <span class='ocrx_word' id='word_1_108' title='bbox 526 1215 605 1296; x_wconf 86' lang='lat' dir='ltr'><strong>quod</strong></span> <span class='ocrx_word' id='word_1_109' title='bbox 624 1213 720 1275; x_wconf 86' lang='lat' dir='ltr'><strong>hostes</strong></span> <span class='ocrx_word' id='word_1_110' title='bbox 739 1215 800 1275; x_wconf 86' lang='lat' dir='ltr'><strong>eius</strong></span> <span class='ocrx_word' id='word_1_111' title='bbox 819 1221 904 1274; x_wconf 84' lang='lat' dir='ltr'><strong>vocat</strong></span> <span class='ocrx_word' id='word_1_112' title='bbox 914 1217 1008 1294; x_wconf 74' lang='lat' dir='ltr'><strong>filios</strong></span> <span class='ocrx_word' id='word_1_113' title='bbox 1021 1224 1198 1298; x_wconf 70' lang='lat' dir='ltr'><strong>intprdatis,</strong></span> <span class='ocrx_word' id='word_1_114' title='bbox 1216 1219 1304 1277; x_wconf 83' lang='lat' dir='ltr'><strong>tacito</strong></span> 
     </span>
     <span class='ocr_line' id='line_1_13' title="bbox 170 1293 1303 1376; baseline 0 -20"><span class='ocrx_word' id='word_1_115' title='bbox 170 1295 294 1356; x_wconf 88' lang='lat' dir='ltr'><strong>ostendit</strong></span> <span class='ocrx_word' id='word_1_116' title='bbox 318 1295 467 1354; x_wconf 82' lang='lat' dir='ltr'><strong>innoxium</strong></span> <span class='ocrx_word' id='word_1_117' title='bbox 491 1293 553 1354; x_wconf 84' lang='lat' dir='ltr'><strong>fore</strong></span> <span class='ocrx_word' id='word_1_118' title='bbox 577 1295 775 1355; x_wconf 83' lang='lat' dir='ltr'><strong>dominationis</strong></span> <span class='ocrx_word' id='word_1_119' title='bbox 800 1313 902 1376; x_wconf 80' lang='lat' dir='ltr'><strong>genus,</strong></span> <span class='ocrx_word' id='word_1_120' title='bbox 932 1293 1010 1374; x_wconf 87' lang='lat' dir='ltr'><strong>qood</strong></span> <span class='ocrx_word' id='word_1_121' title='bbox 1029 1313 1114 1356; x_wconf 89' lang='lat' dir='ltr'><strong>nomo</strong></span> <span class='ocrx_word' id='word_1_122' title='bbox 1135 1296 1241 1376; x_wconf 76' lang='lat' dir='ltr'><strong>absque</strong></span> <span class='ocrx_word' id='word_1_123' title='bbox 1261 1299 1303 1356; x_wconf 89' lang='lat' dir='ltr'><strong>iu-</strong></span> 
     </span>
     <span class='ocr_line' id='line_1_14' title="bbox 169 1373 1303 1456; baseline -0.001 -20"><span class='ocrx_word' id='word_1_124' title='bbox 169 1377 242 1437; x_wconf 80' lang='lat' dir='ltr'><strong>iuria</strong></span> <span class='ocrx_word' id='word_1_125' title='bbox 261 1381 291 1434; x_wconf 86' lang='lat' dir='ltr'><strong>et</strong></span> <span class='ocrx_word' id='word_1_126' title='bbox 310 1374 415 1435; x_wconf 83' lang='lat' dir='ltr'><strong>scetere</strong></span> <span class='ocrx_word' id='word_1_127' title='bbox 434 1380 561 1434; x_wconf 83' lang='lat' dir='ltr'><strong>evertere</strong></span> <span class='ocrx_word' id='word_1_128' title='bbox 580 1373 707 1434; x_wconf 88' lang='lat' dir='ltr'><strong>tentabit.</strong></span> <span class='ocrx_word' id='word_1_129' title='bbox 742 1373 861 1434; x_wconf 87' lang='lat' dir='ltr'><strong>Summa</strong></span> <span class='ocrx_word' id='word_1_130' title='bbox 881 1379 933 1448; x_wconf 70' lang='lat' dir='ltr'><strong>est,</strong></span> <span class='ocrx_word' id='word_1_131' title='bbox 954 1373 1093 1434; x_wconf 85' lang='lat' dir='ltr'><strong>Davidem</strong></span> <span class='ocrx_word' id='word_1_132' title='bbox 1113 1377 1233 1456; x_wconf 86' lang='lat' dir='ltr'><strong>eiusque</strong></span> <span class='ocrx_word' id='word_1_133' title='bbox 1251 1395 1303 1456; x_wconf 90' lang='lat' dir='ltr'><strong>po-</strong></span> 
     </span>
     <span class='ocr_line' id='line_1_15' title="bbox 161 1452 1305 1534; baseline 0 -20"><span class='ocrx_word' id='word_1_134' title='bbox 161 1462 263 1515; x_wconf 77' lang='lat' dir='ltr'><strong>steros</strong></span> <span class='ocrx_word' id='word_1_135' title='bbox 281 1452 337 1513; x_wconf 88' lang='lat' dir='ltr'><strong>Dei</strong></span> <span class='ocrx_word' id='word_1_136' title='bbox 356 1453 497 1534; x_wconf 85' lang='lat' dir='ltr'><strong>praesidio</strong></span> <span class='ocrx_word' id='word_1_137' title='bbox 515 1461 594 1513; x_wconf 86' lang='lat' dir='ltr'><strong>tutus</strong></span> <span class='ocrx_word' id='word_1_138' title='bbox 613 1455 690 1526; x_wconf 72' lang='lat' dir='ltr'><strong>iore,</strong></span> <span class='ocrx_word' id='word_1_139' title='bbox 713 1459 742 1513; x_wconf 89' lang='lat' dir='ltr'><strong>et</strong></span> <span class='ocrx_word' id='word_1_140' title='bbox 781 1453 850 1514; x_wconf 87' lang='lat' dir='ltr'><strong>robe</strong></span> <span class='ocrx_word' id='word_1_141' title='bbox 874 1455 1013 1526; x_wconf 82' lang='lat' dir='ltr'><strong>munitos,</strong></span> <span class='ocrx_word' id='word_1_142' title='bbox 1038 1472 1074 1514; x_wconf 88' lang='lat' dir='ltr'><strong>ne</strong></span> <span class='ocrx_word' id='word_1_143' title='bbox 1094 1453 1219 1514; x_wconf 87' lang='lat' dir='ltr'><strong>hostium</strong></span> <span class='ocrx_word' id='word_1_144' title='bbox 1240 1455 1305 1520; x_wconf 83' lang='lat' dir='ltr'><strong>libi·</strong></span> 
     </span>
     <span class='ocr_line' id='line_1_16' title="bbox 170 1473 1305 1614; baseline 0.002 -20"><span class='ocrx_word' id='word_1_145' title='bbox 170 1535 230 1594; x_wconf 86' lang='lat' dir='ltr'><strong>dini</strong></span> <span class='ocrx_word' id='word_1_146' title='bbox 250 1534 308 1592; x_wconf 85' lang='lat' dir='ltr'><strong>siut</strong></span> <span class='ocrx_word' id='word_1_147' title='bbox 325 1535 454 1613; x_wconf 76' lang='lat' dir='ltr'>expositi.</span> <span class='ocrx_word' id='word_1_148' title='bbox 480 1531 539 1592; x_wconf 84' lang='lat' dir='ltr'><strong>lam</strong></span> <span class='ocrx_word' id='word_1_149' title='bbox 560 1534 637 1613; x_wconf 85' lang='lat' dir='ltr'><strong>quod</strong></span> <span class='ocrx_word' id='word_1_150' title='bbox 658 1473 822 1614; x_wconf 78' lang='lat' dir='ltr'><strong>pessundari</strong></span> <span class='ocrx_word' id='word_1_151' title='bbox 842 1552 960 1612; x_wconf 77' lang='lat' dir='ltr'><strong>reguum</strong></span> <span class='ocrx_word' id='word_1_152' title='bbox 980 1553 1080 1614; x_wconf 83' lang='lat' dir='ltr'><strong>passus</strong></span> <span class='ocrx_word' id='word_1_153' title='bbox 1098 1541 1142 1593; x_wconf 89' lang='lat' dir='ltr'><strong>est</strong></span> <span class='ocrx_word' id='word_1_154' title='bbox 1161 1533 1250 1610; x_wconf 80' lang='lat' dir='ltr'><strong>Deus,</strong></span> <span class='ocrx_word' id='word_1_155' title='bbox 1272 1544 1305 1596; x_wconf 89' lang='lat' dir='ltr'><strong>ut</strong></span> 
     </span>
     <span class='ocr_line' id='line_1_17' title="bbox 170 1611 1304 1695; baseline -0.001 -20"><span class='ocrx_word' id='word_1_156' title='bbox 170 1613 292 1676; x_wconf 83' lang='lat' dir='ltr'><strong>Daridis</strong></span> <span class='ocrx_word' id='word_1_157' title='bbox 311 1616 488 1672; x_wconf 84' lang='lat' dir='ltr'><strong>tuccessores</strong></span> <span class='ocrx_word' id='word_1_158' title='bbox 511 1615 616 1672; x_wconf 83' lang='lat' dir='ltr'><strong>exteris</strong></span> <span class='ocrx_word' id='word_1_159' title='bbox 635 1621 664 1673; x_wconf 90' lang='lat' dir='ltr'><strong>et</strong></span> <span class='ocrx_word' id='word_1_160' title='bbox 684 1614 809 1693; x_wconf 77' lang='lat' dir='ltr'><strong>profanis</strong></span> <span class='ocrx_word' id='word_1_161' title='bbox 829 1611 954 1692; x_wconf 77' lang='lat' dir='ltr'><strong>Regdins</strong></span> <span class='ocrx_word' id='word_1_162' title='bbox 973 1631 1059 1693; x_wconf 79' lang='lat' dir='ltr'><strong>grave</strong></span> <span class='ocrx_word' id='word_1_163' title='bbox 1078 1612 1214 1674; x_wconf 91' lang='lat' dir='ltr'><strong>tributum</strong></span> <span class='ocrx_word' id='word_1_164' title='bbox 1234 1635 1304 1695; x_wconf 89' lang='lat' dir='ltr'><strong>pen-</strong></span> 
     </span>
    </p>
   </div>
   <div class='ocr_carea' id='block_1_5' title="bbox 57 1691 1435 1931">
    <p class='ocr_par' dir='ltr' id='par_1_5' title="bbox 57 1691 1435 1931">
     <span class='ocr_line' id='line_1_18' title="bbox 171 1691 1435 1774; baseline -0.004 -20"><span class='ocrx_word' id='word_1_165' title='bbox 171 1694 238 1754; x_wconf 85' lang='lat' dir='ltr'><strong>dere</strong></span> <span class='ocrx_word' id='word_1_166' title='bbox 257 1694 347 1752; x_wconf 81' lang='lat' dir='ltr'><strong>coacti</strong></span> <span class='ocrx_word' id='word_1_167' title='bbox 367 1695 437 1762; x_wconf 80' lang='lat' dir='ltr'><strong>sint,</strong></span> <span class='ocrx_word' id='word_1_168' title='bbox 463 1711 529 1752; x_wconf 88' lang='lat' dir='ltr'><strong>cnm</strong></span> <span class='ocrx_word' id='word_1_169' title='bbox 554 1691 608 1752; x_wconf 89' lang='lat' dir='ltr'><strong>bac</strong></span> <span class='ocrx_word' id='word_1_170' title='bbox 627 1693 814 1773; x_wconf 75' lang='lat' dir='ltr'><strong>promissione</strong></span> <span class='ocrx_word' id='word_1_171' title='bbox 834 1711 892 1751; x_wconf 90' lang='lat' dir='ltr'><strong>uun</strong></span> <span class='ocrx_word' id='word_1_172' title='bbox 913 1699 1034 1774; x_wconf 80' lang='lat' dir='ltr'><strong>pugnata</strong></span> <span class='ocrx_word' id='word_1_173' title='bbox 1065 1695 1131 1771; x_wconf 87' lang='lat' dir='ltr'><strong>quia</strong></span> <span class='ocrx_word' id='word_1_174' title='bbox 1151 1695 1303 1772; x_wconf 78' lang='lat' dir='ltr'><strong>satisfuit,</strong></span> <span class='ocrx_word' id='word_1_175' title='bbox 1434 1737 1435 1760; x_wconf 44' lang='lat'>2</span> 
     </span>
     <span class='ocr_line' id='line_1_19' title="bbox 57 1771 1435 1854; baseline -0.001 -21"><span class='ocrx_word' id='word_1_176' title='bbox 57 1783 61 1796; x_wconf 83' lang='lat'><strong><em>¹</em></strong></span> <span class='ocrx_word' id='word_1_177' title='bbox 144 1843 145 1848; x_wconf 8' lang='grc' dir='ltr'>η</span> <span class='ocrx_word' id='word_1_178' title='bbox 171 1775 271 1833; x_wconf 83' lang='lat' dir='ltr'><strong>accisis</strong></span> <span class='ocrx_word' id='word_1_179' title='bbox 294 1771 512 1854; x_wconf 76' lang='lat' dir='ltr'><strong>reguiopibus,</strong></span> <span class='ocrx_word' id='word_1_180' title='bbox 540 1789 656 1832; x_wconf 86' lang='lat' dir='ltr'><strong>manere</strong></span> <span class='ocrx_word' id='word_1_181' title='bbox 688 1778 784 1830; x_wconf 67' lang='lat' dir='ltr'><strong>umen</strong></span> <span class='ocrx_word' id='word_1_182' title='bbox 820 1773 959 1848; x_wconf 79' lang='lat' dir='ltr'><strong>radicem,</strong></span> <span class='ocrx_word' id='word_1_183' title='bbox 993 1773 1153 1851; x_wconf 80' lang='lat' dir='ltr'><strong>usquedum</strong></span> <span class='ocrx_word' id='word_1_184' title='bbox 1179 1771 1305 1853; x_wconf 90' lang='lat' dir='ltr'><strong>prodiret</strong></span> <span class='ocrx_word' id='word_1_185' title='bbox 1434 1775 1435 1786; x_wconf 57' lang='lat'>¹</span> 
     </span>
     <span class='ocr_line' id='line_1_20' title="bbox 173 1849 1435 1931; baseline -0.002 -18"><span class='ocrx_word' id='word_1_186' title='bbox 173 1852 318 1920; x_wconf 75' lang='lat' dir='ltr'><strong>Christus,</strong></span> <span class='ocrx_word' id='word_1_187' title='bbox 347 1852 377 1910; x_wconf 89' lang='lat' dir='ltr'><strong>iu</strong></span> <span class='ocrx_word' id='word_1_188' title='bbox 401 1853 481 1910; x_wconf 88' lang='lat' dir='ltr'><strong>cuius</strong></span> <span class='ocrx_word' id='word_1_189' title='bbox 505 1850 620 1910; x_wconf 83' lang='lat' dir='ltr'><strong>demum</strong></span> <span class='ocrx_word' id='word_1_190' title='bbox 644 1851 860 1910; x_wconf 74' lang='lat' dir='ltr'><strong>manustabile</strong></span> <span class='ocrx_word' id='word_1_191' title='bbox 879 1851 933 1910; x_wconf 79' lang='lat' dir='ltr'><strong>tuit</strong></span> <span class='ocrx_word' id='word_1_192' title='bbox 951 1869 1080 1929; x_wconf 80' lang='lat' dir='ltr'><strong>regnum.</strong></span> <span class='ocrx_word' id='word_1_193' title='bbox 1119 1849 1304 1931; x_wconf 81' lang='lat' dir='ltr'><strong>Numquam</strong></span> <span class='ocrx_word' id='word_1_194' title='bbox 1434 1865 1435 1910; x_wconf 59' lang='grc' dir='ltr'>ἒ</span> 
     </span>
    </p>
   </div>
   <div class='ocr_carea' id='block_1_6' title="bbox 172 1927 1307 2148">
    <p class='ocr_par' dir='ltr' id='par_1_6' title="bbox 172 1927 1307 2148">
     <span class='ocr_line' id='line_1_21' title="bbox 172 1927 1304 2010; baseline -0.004 -18"><span class='ocrx_word' id='word_1_195' title='bbox 172 1939 281 1992; x_wconf 86' lang='lat' dir='ltr'><strong>tautam</strong></span> <span class='ocrx_word' id='word_1_196' title='bbox 302 1929 359 1989; x_wconf 90' lang='lat' dir='ltr'><strong>Dei</strong></span> <span class='ocrx_word' id='word_1_197' title='bbox 377 1929 600 1990; x_wconf 71' lang='lat' dir='ltr'><strong>benedictionem</strong></span> <span class='ocrx_word' id='word_1_198' title='bbox 620 1935 679 1989; x_wconf 89' lang='lat' dir='ltr'><strong>tam</strong></span> <span class='ocrx_word' id='word_1_199' title='bbox 699 1927 764 1989; x_wconf 86' lang='lat' dir='ltr'><strong>Rex</strong></span> <span class='ocrx_word' id='word_1_200' title='bbox 783 1949 869 2010; x_wconf 87' lang='lat' dir='ltr'><strong>qoam</strong></span> <span class='ocrx_word' id='word_1_201' title='bbox 889 1930 1013 2010; x_wconf 90' lang='lat' dir='ltr'><strong>poputus</strong></span> <span class='ocrx_word' id='word_1_202' title='bbox 1036 1931 1124 2010; x_wconf 89' lang='lat' dir='ltr'><strong>impie</strong></span> <span class='ocrx_word' id='word_1_203' title='bbox 1143 1931 1304 2001; x_wconf 85' lang='lat' dir='ltr'><strong>abiicereat,</strong></span> 
     </span>
     <span class='ocr_line' id='line_1_22' title="bbox 172 2007 1307 2148; baseline 0 -78"><span class='ocrx_word' id='word_1_204' title='bbox 172 2029 273 2070; x_wconf 88' lang='lat' dir='ltr'><strong>eorum</strong></span> <span class='ocrx_word' id='word_1_205' title='bbox 292 2009 377 2148; x_wconf 72' lang='lat' dir='ltr'><strong>eulpp</strong></span> <span class='ocrx_word' id='word_1_206' title='bbox 396 2027 481 2090; x_wconf 85' lang='lat' dir='ltr'><strong>saepe</strong></span> <span class='ocrx_word' id='word_1_207' title='bbox 500 2024 670 2068; x_wconf 86' lang='lat' dir='ltr'><strong>concussum</strong></span> <span class='ocrx_word' id='word_1_208' title='bbox 688 2027 809 2089; x_wconf 74' lang='lat' dir='ltr'><strong>regnum</strong></span> <span class='ocrx_word' id='word_1_209' title='bbox 833 2009 899 2068; x_wconf 82' lang='lat' dir='ltr'><strong>init:</strong></span> <span class='ocrx_word' id='word_1_210' title='bbox 929 2007 1031 2069; x_wconf 86' lang='lat' dir='ltr'><strong>deiude</strong></span> <span class='ocrx_word' id='word_1_211' title='bbox 1054 2009 1251 2080; x_wconf 83' lang='lat' dir='ltr'><strong>imminutum,</strong></span> <span class='ocrx_word' id='word_1_212' title='bbox 1275 2017 1307 2070; x_wconf 90' lang='lat' dir='ltr'><strong>et</strong></span> 
     </span>
    </p>
   </div>
   <div class='ocr_carea' id='block_1_7' title="bbox 173 2085 1435 2174">
    <p class='ocr_par' dir='ltr' id='par_1_7' title="bbox 173 2085 1435 2174">
     <span class='ocr_line' id='line_1_23' title="bbox 173 2085 1435 2174; baseline -0.002 -24"><span class='ocrx_word' id='word_1_213' title='bbox 173 2089 288 2150; x_wconf 81' lang='lat' dir='ltr'><strong>tandem</strong></span> <span class='ocrx_word' id='word_1_214' title='bbox 309 2108 344 2152; x_wconf 88' lang='lat' dir='ltr'><strong>cn</strong></span> <span class='ocrx_word' id='word_1_215' title='bbox 365 2107 481 2168; x_wconf 78' lang='lat' dir='ltr'><strong>aprum,</strong></span> <span class='ocrx_word' id='word_1_216' title='bbox 505 2085 601 2170; x_wconf 84' lang='lat' dir='ltr'><strong>ueqde</strong></span> <span class='ocrx_word' id='word_1_217' title='bbox 618 2094 715 2149; x_wconf 85' lang='lat' dir='ltr'><strong>tamen</strong></span> <span class='ocrx_word' id='word_1_218' title='bbox 734 2089 839 2148; x_wconf 80' lang='lat' dir='ltr'><strong>destitit</strong></span> <span class='ocrx_word' id='word_1_219' title='bbox 856 2090 965 2148; x_wconf 84' lang='lat' dir='ltr'><strong>interea</strong></span> <span class='ocrx_word' id='word_1_220' title='bbox 984 2086 1078 2162; x_wconf 81' lang='lat' dir='ltr'><strong>Deus,</strong></span> <span class='ocrx_word' id='word_1_221' title='bbox 1102 2095 1135 2148; x_wconf 92' lang='lat' dir='ltr'><strong>nt</strong></span> <span class='ocrx_word' id='word_1_222' title='bbox 1155 2090 1305 2149; x_wconf 83' lang='lat' dir='ltr'><strong>oracutum</strong></span> <span class='ocrx_word' id='word_1_223' title='bbox 1434 2155 1435 2174; x_wconf 13' lang='grc' dir='ltr'>χ</span> 
     </span>
    </p>
   </div>
   <div class='ocr_carea' id='block_1_8' title="bbox 171 2167 1329 2486">
    <p class='ocr_par' dir='ltr' id='par_1_8' title="bbox 171 2167 1329 2486">
     <span class='ocr_line' id='line_1_24' title="bbox 172 2167 1306 2248; baseline -0.003 -19"><span class='ocrx_word' id='word_1_224' title='bbox 172 2171 296 2231; x_wconf 75' lang='lat' dir='ltr'><strong>sanciret</strong></span> <span class='ocrx_word' id='word_1_225' title='bbox 314 2167 350 2226; x_wconf 94' lang='lat' dir='ltr'><strong>de</strong></span> <span class='ocrx_word' id='word_1_226' title='bbox 368 2169 458 2246; x_wconf 79' lang='lat' dir='ltr'><strong>regni¹</strong></span> <span class='ocrx_word' id='word_1_227' title='bbox 473 2167 676 2248; x_wconf 83' lang='lat' dir='ltr'><strong>perpetuitate,</strong></span> <span class='ocrx_word' id='word_1_228' title='bbox 701 2185 771 2227; x_wconf 88' lang='lat' dir='ltr'><strong>cum</strong></span> <span class='ocrx_word' id='word_1_229' title='bbox 795 2168 909 2227; x_wconf 85' lang='lat' dir='ltr'><strong>ittornm</strong></span> <span class='ocrx_word' id='word_1_230' title='bbox 933 2167 1151 2248; x_wconf 58' lang='lat' dir='ltr'><strong>ingratitudines</strong></span> <span class='ocrx_word' id='word_1_231' title='bbox 1159 2168 1306 2242; x_wconf 86' lang='lat' dir='ltr'><strong>certando,</strong></span> 
     </span>
     <span class='ocr_line' id='line_1_25' title="bbox 172 2245 1308 2342; baseline -0.003 -33"><span class='ocrx_word' id='word_1_232' title='bbox 172 2267 254 2331; x_wconf 88' lang='lat' dir='ltr'><strong>spem</strong></span> <span class='ocrx_word' id='word_1_233' title='bbox 273 2247 399 2342; x_wconf 78' lang='lat' dir='ltr'><strong>aliquam</strong></span> <span class='ocrx_word' id='word_1_234' title='bbox 418 2246 517 2306; x_wconf 81' lang='lat' dir='ltr'><strong>iuvere</strong></span> <span class='ocrx_word' id='word_1_235' title='bbox 536 2253 565 2306; x_wconf 88' lang='lat' dir='ltr'><strong>et</strong></span> <span class='ocrx_word' id='word_1_236' title='bbox 583 2247 667 2306; x_wconf 89' lang='lat' dir='ltr'><strong>tueri.</strong></span> <span class='ocrx_word' id='word_1_237' title='bbox 691 2245 883 2342; x_wconf 73' lang='lat' dir='ltr'><strong>Adde-quod,</strong></span> <span class='ocrx_word' id='word_1_238' title='bbox 903 2265 1004 2341; x_wconf 76' lang='lat' dir='ltr'><strong>osores</strong></span> <span class='ocrx_word' id='word_1_239' title='bbox 1020 2252 1050 2306; x_wconf 92' lang='lat' dir='ltr'><strong>et</strong></span> <span class='ocrx_word' id='word_1_240' title='bbox 1069 2265 1234 2342; x_wconf 71' lang='lat' dir='ltr'><strong>opsessores</strong></span> <span class='ocrx_word' id='word_1_241' title='bbox 1245 2247 1308 2306; x_wconf 84' lang='lat' dir='ltr'><strong>Da-</strong></span> 
     </span>
     <span class='ocr_line' id='line_1_26' title="bbox 171 2324 1329 2486; baseline -0.003 -17"><span class='ocrx_word' id='word_1_242' title='bbox 171 2324 1329 2486; x_wconf 51' lang='lat' dir='ltr'><strong>itit?&#39;subniti-„¹²⁶‘ttdbssa”ttit¹⁰tti?⁰:thitto.</strong></span> 
     </span>
    </p>
   </div>
   <div class='ocr_carea' id='block_1_9' title="bbox 170 2493 306 2569">
    <p class='ocr_par' dir='ltr' id='par_1_9' title="bbox 170 2493 306 2569">
     <span class='ocr_line' id='line_1_27' title="bbox 170 2493 306 2569; baseline -0.007 -21"><span class='ocrx_word' id='word_1_243' title='bbox 170 2493 306 2569; x_wconf 80' lang='lat' dir='ltr'><strong>opponat</strong></span> 
     </span>
    </p>
   </div>
   <div class='ocr_carea' id='block_1_10' title="bbox 218 2621 1308 2730">
    <p class='ocr_par' dir='ltr' id='par_1_10' title="bbox 218 2621 1308 2730">
     <span class='ocr_line' id='line_1_28' title="bbox 218 2621 1308 2730; baseline 0 -26"><span class='ocrx_word' id='word_1_244' title='bbox 218 2695 221 2704; x_wconf 78' lang='grc'>,</span> <span class='ocrx_word' id='word_1_245' title='bbox 260 2641 315 2708; x_wconf 87' lang='grc'><strong>25.</strong></span> <span class='ocrx_word' id='word_1_246' title='bbox 343 2638 393 2707; x_wconf 86' lang='lat' dir='ltr'><strong>Et·</strong></span> <span class='ocrx_word' id='word_1_247' title='bbox 408 2639 522 2707; x_wconf 81' lang='lat' dir='ltr'><strong>veritus</strong></span> <span class='ocrx_word' id='word_1_248' title='bbox 535 2625 615 2706; x_wconf 50' lang='lat' dir='ltr'><strong>xauen</strong></span> <span class='ocrx_word' id='word_1_249' title='bbox 638 2647 671 2706; x_wconf 87' lang='lat' dir='ltr'><strong>et</strong></span> <span class='ocrx_word' id='word_1_250' title='bbox 692 2621 857 2730; x_wconf 81' lang='lat' dir='ltr'><strong>clementia</strong></span> <span class='ocrx_word' id='word_1_251' title='bbox 879 2660 950 2706; x_wconf 86' lang='lat' dir='ltr'><strong>mea</strong></span> <span class='ocrx_word' id='word_1_252' title='bbox 972 2657 1046 2706; x_wconf 86' lang='lat' dir='ltr'><strong>cum</strong></span> <span class='ocrx_word' id='word_1_253' title='bbox 1068 2661 1127 2708; x_wconf 74' lang='lat' dir='ltr'><strong>eoa</strong></span> <span class='ocrx_word' id='word_1_254' title='bbox 1146 2648 1178 2706; x_wconf 88' lang='lat' dir='ltr'><strong>et</strong></span> <span class='ocrx_word' id='word_1_255' title='bbox 1198 2639 1232 2704; x_wconf 91' lang='lat' dir='ltr'><strong>iu</strong></span> <span class='ocrx_word' id='word_1_256' title='bbox 1254 2661 1308 2705; x_wconf 90' lang='lat' dir='ltr'><strong>nn-</strong></span> 
     </span>
    </p>
   </div>
   <div class='ocr_carea' id='block_1_11' title="bbox 67 2741 1307 2838">
    <p class='ocr_par' dir='ltr' id='par_1_11' title="bbox 67 2741 1307 2838">
     <span class='ocr_line' id='line_1_29' title="bbox 67 2741 1307 2838; baseline -0.005 -22"><span class='ocrx_word' id='word_1_257' title='bbox 67 2767 80 2800; x_wconf 86' lang='lat'><strong>··</strong></span> <span class='ocrx_word' id='word_1_258' title='bbox 173 2747 259 2815; x_wconf 89' lang='lat' dir='ltr'><strong>mine</strong></span> <span class='ocrx_word' id='word_1_259' title='bbox 285 2769 360 2814; x_wconf 85' lang='lat' dir='ltr'><strong>mes</strong></span> <span class='ocrx_word' id='word_1_260' title='bbox 389 2743 576 2812; x_wconf 78' lang='lat' dir='ltr'><strong>exaltabitur</strong></span> <span class='ocrx_word' id='word_1_261' title='bbox 592 2766 704 2813; x_wconf 76' lang='lat' dir='ltr'><strong>cornu</strong></span> <span class='ocrx_word' id='word_1_262' title='bbox 732 2743 810 2838; x_wconf 82' lang='lat' dir='ltr'><strong>einp.</strong></span> <span class='ocrx_word' id='word_1_263' title='bbox 853 2743 908 2811; x_wconf 91' lang='grc'><strong>26.</strong></span> <span class='ocrx_word' id='word_1_264' title='bbox 940 2741 984 2812; x_wconf 85' lang='lat' dir='ltr'><strong>Et</strong></span> <span class='ocrx_word' id='word_1_265' title='bbox 1011 2753 1146 2812; x_wconf 87' lang='lat' dir='ltr'><strong>statuam</strong></span> <span class='ocrx_word' id='word_1_266' title='bbox 1173 2743 1207 2810; x_wconf 90' lang='lat' dir='ltr'><strong>in</strong></span> <span class='ocrx_word' id='word_1_267' title='bbox 1228 2745 1307 2810; x_wconf 86' lang='lat' dir='ltr'><strong>mari</strong></span> 
     </span>
    </p>
   </div>
   <div class='ocr_carea' id='block_1_12' title="bbox 155 2828 1354 3049">
    <p class='ocr_par' dir='ltr' id='par_1_12' title="bbox 155 2828 1354 3049">
     <span class='ocr_line' id='line_1_30' title="bbox 173 2828 1354 2938; baseline -0.004 -16"><span class='ocrx_word' id='word_1_268' title='bbox 173 2877 305 2922; x_wconf 87' lang='lat' dir='ltr'><strong>manum</strong></span> <span class='ocrx_word' id='word_1_269' title='bbox 332 2851 417 2932; x_wconf 87' lang='lat' dir='ltr'><strong>eius,</strong></span> <span class='ocrx_word' id='word_1_270' title='bbox 449 2860 482 2917; x_wconf 89' lang='lat' dir='ltr'><strong>et</strong></span> <span class='ocrx_word' id='word_1_271' title='bbox 503 2851 537 2918; x_wconf 90' lang='lat' dir='ltr'><strong>iu</strong></span> <span class='ocrx_word' id='word_1_272' title='bbox 558 2848 740 2917; x_wconf 87' lang='lat' dir='ltr'><strong>fluminibus</strong></span> <span class='ocrx_word' id='word_1_273' title='bbox 763 2849 927 2934; x_wconf 81' lang='lat' dir='ltr'><strong>dexteram</strong></span> <span class='ocrx_word' id='word_1_274' title='bbox 948 2851 1025 2919; x_wconf 88' lang='lat' dir='ltr'><strong>eius.</strong></span> <span class='ocrx_word' id='word_1_275' title='bbox 1070 2849 1125 2918; x_wconf 89' lang='grc'><strong>27.</strong></span> <span class='ocrx_word' id='word_1_276' title='bbox 1157 2828 1228 2938; x_wconf 83' lang='lat' dir='ltr'><strong>Ipse</strong></span> <span class='ocrx_word' id='word_1_277' title='bbox 1250 2847 1309 2917; x_wconf 71' lang='lat' dir='ltr'><strong>cta-</strong></span> <span class='ocrx_word' id='word_1_278' title='bbox 1349 2843 1354 2849; x_wconf 13' lang='grc' dir='ltr'>Κ</span> 
     </span>
     <span class='ocr_line' id='line_1_31' title="bbox 155 2953 1307 3049; baseline -0.002 -24"><span class='ocrx_word' id='word_1_279' title='bbox 155 2953 272 3026; x_wconf 60' lang='lat' dir='ltr'><strong>‘mabit</strong></span> <span class='ocrx_word' id='word_1_280' title='bbox 292 2957 334 3024; x_wconf 89' lang='lat' dir='ltr'><strong>ad</strong></span> <span class='ocrx_word' id='word_1_281' title='bbox 354 2979 415 3038; x_wconf 86' lang='lat' dir='ltr'><strong>me,</strong></span> <span class='ocrx_word' id='word_1_282' title='bbox 437 2954 531 3024; x_wconf 84' lang='lat' dir='ltr'><strong>Pster</strong></span> <span class='ocrx_word' id='word_1_283' title='bbox 551 2977 643 3022; x_wconf 90' lang='lat' dir='ltr'><strong>meus</strong></span> <span class='ocrx_word' id='word_1_284' title='bbox 665 2978 710 3038; x_wconf 88' lang='lat' dir='ltr'><strong>es,</strong></span> <span class='ocrx_word' id='word_1_285' title='bbox 731 2954 822 3022; x_wconf 90' lang='lat' dir='ltr'><strong>Deus</strong></span> <span class='ocrx_word' id='word_1_286' title='bbox 843 2979 946 3040; x_wconf 86' lang='lat' dir='ltr'><strong>meus,</strong></span> <span class='ocrx_word' id='word_1_287' title='bbox 966 2977 1062 3049; x_wconf 87' lang='lat' dir='ltr'><strong>rupes</strong></span> <span class='ocrx_word' id='word_1_288' title='bbox 1083 2955 1191 3023; x_wconf 87' lang='lat' dir='ltr'><strong>salutis</strong></span> <span class='ocrx_word' id='word_1_289' title='bbox 1207 2977 1307 3023; x_wconf 85' lang='lat' dir='ltr'><strong>meae.</strong></span> 
     </span>
    </p>
   </div>
   <div class='ocr_carea' id='block_1_13' title="bbox 173 3061 1310 3160">
    <p class='ocr_par' dir='ltr' id='par_1_13' title="bbox 173 3061 1435 3160">
     <span class='ocr_line' id='line_1_32' title="bbox 173 3061 1310 3160; baseline -0.004 -29"><span class='ocrx_word' id='word_1_290' title='bbox 173 3065 228 3131; x_wconf 89' lang='grc'><strong>28.</strong></span> <span class='ocrx_word' id='word_1_291' title='bbox 250 3061 356 3130; x_wconf 83' lang='lat' dir='ltr'><strong>Etiam</strong></span> <span class='ocrx_word' id='word_1_292' title='bbox 377 3083 436 3153; x_wconf 82' lang='lat' dir='ltr'><strong>ego</strong></span> <span class='ocrx_word' id='word_1_293' title='bbox 458 3061 704 3154; x_wconf 84' lang='lat' dir='ltr'><strong>primogenitum</strong></span> <span class='ocrx_word' id='word_1_294' title='bbox 725 3083 844 3160; x_wconf 88' lang='lat' dir='ltr'><strong>ponam</strong></span> <span class='ocrx_word' id='word_1_295' title='bbox 866 3085 950 3144; x_wconf 85' lang='lat' dir='ltr'><strong>oum,</strong></span> <span class='ocrx_word' id='word_1_296' title='bbox 973 3061 1135 3130; x_wconf 83' lang='lat' dir='ltr'><strong>excelsum</strong></span> <span class='ocrx_word' id='word_1_297' title='bbox 1155 3085 1230 3154; x_wconf 86' lang='lat' dir='ltr'><strong>prae</strong></span> <span class='ocrx_word' id='word_1_298' title='bbox 1251 3061 1310 3128; x_wconf 84' lang='lat' dir='ltr'><strong>Re·</strong></span> 
     </span>
    </p>
   </div>
   <div class='ocr_carea' id='block_1_14' title="bbox 111 3163 1313 3475">
    <p class='ocr_par' dir='ltr' id='par_1_14' title="bbox 111 3163 1313 3475">
     <span class='ocr_line' id='line_1_33' title="bbox 174 3163 1313 3268; baseline -0.003 -32"><span class='ocrx_word' id='word_1_299' title='bbox 174 3168 265 3268; x_wconf 77' lang='lat' dir='ltr'><strong>gibus</strong></span> <span class='ocrx_word' id='word_1_300' title='bbox 293 3178 402 3236; x_wconf 87' lang='lat' dir='ltr'><strong>terrae.</strong></span> <span class='ocrx_word' id='word_1_301' title='bbox 446 3167 500 3234; x_wconf 82' lang='lat'><strong>29.</strong></span> <span class='ocrx_word' id='word_1_302' title='bbox 533 3165 578 3261; x_wconf 80' lang='lat' dir='ltr'><strong>Et</strong></span> <span class='ocrx_word' id='word_1_303' title='bbox 601 3168 636 3236; x_wconf 92' lang='lat' dir='ltr'><strong>iu</strong></span> <span class='ocrx_word' id='word_1_304' title='bbox 662 3165 806 3236; x_wconf 69' lang='lat' dir='ltr'><strong>seculum</strong></span> <span class='ocrx_word' id='word_1_305' title='bbox 832 3167 965 3236; x_wconf 85' lang='lat' dir='ltr'><strong>servabo</strong></span> <span class='ocrx_word' id='word_1_306' title='bbox 993 3167 1038 3236; x_wconf 84' lang='lat' dir='ltr'><strong>illi</strong></span> <span class='ocrx_word' id='word_1_307' title='bbox 1064 3163 1313 3244; x_wconf 65' lang='lat' dir='ltr'><strong>monacorum</strong></span> 
     </span>
     <span class='ocr_line' id='line_1_34' title="bbox 111 3271 1310 3357; baseline -0.003 -14"><span class='ocrx_word' id='word_1_308' title='bbox 111 3285 117 3297; x_wconf 52' lang='lat'>⁸</span> <span class='ocrx_word' id='word_1_309' title='bbox 174 3295 295 3357; x_wconf 86' lang='lat' dir='ltr'><strong>meam,</strong></span> <span class='ocrx_word' id='word_1_310' title='bbox 322 3283 355 3341; x_wconf 85' lang='lat' dir='ltr'><strong>et</strong></span> <span class='ocrx_word' id='word_1_311' title='bbox 379 3272 492 3341; x_wconf 83' lang='lat' dir='ltr'><strong>foedus</strong></span> <span class='ocrx_word' id='word_1_312' title='bbox 518 3297 627 3342; x_wconf 88' lang='lat' dir='ltr'><strong>meum</strong></span> <span class='ocrx_word' id='word_1_313' title='bbox 654 3274 784 3341; x_wconf 84' lang='lat' dir='ltr'><strong>firmum</strong></span> <span class='ocrx_word' id='word_1_314' title='bbox 805 3273 865 3340; x_wconf 86' lang='lat' dir='ltr'><strong>erit</strong></span> <span class='ocrx_word' id='word_1_315' title='bbox 885 3273 924 3340; x_wconf 86' lang='lat' dir='ltr'><strong>ei.</strong></span> <span class='ocrx_word' id='word_1_316' title='bbox 967 3273 1022 3340; x_wconf 84' lang='lat'><strong>30.</strong></span> <span class='ocrx_word' id='word_1_317' title='bbox 1055 3271 1098 3339; x_wconf 87' lang='lat' dir='ltr'><strong>Et</strong></span> <span class='ocrx_word' id='word_1_318' title='bbox 1119 3283 1255 3340; x_wconf 81' lang='lat' dir='ltr'><strong>statuam</strong></span> <span class='ocrx_word' id='word_1_319' title='bbox 1276 3273 1310 3339; x_wconf 91' lang='lat' dir='ltr'><strong>iu</strong></span> 
     </span>
     <span class='ocr_line' id='line_1_35' title="bbox 175 3377 1275 3475; baseline -0.005 -26"><span class='ocrx_word' id='word_1_320' title='bbox 175 3389 366 3475; x_wconf 86' lang='lat' dir='ltr'><strong>perpetuum</strong></span> <span class='ocrx_word' id='word_1_321' title='bbox 387 3401 497 3447; x_wconf 88' lang='lat' dir='ltr'><strong>semen</strong></span> <span class='ocrx_word' id='word_1_322' title='bbox 519 3378 597 3463; x_wconf 88' lang='lat' dir='ltr'><strong>eius,</strong></span> <span class='ocrx_word' id='word_1_323' title='bbox 619 3388 651 3446; x_wconf 92' lang='lat' dir='ltr'><strong>et</strong></span> <span class='ocrx_word' id='word_1_324' title='bbox 673 3377 790 3458; x_wconf 85' lang='lat' dir='ltr'><strong>solium</strong></span> <span class='ocrx_word' id='word_1_325' title='bbox 811 3378 879 3446; x_wconf 88' lang='lat' dir='ltr'><strong>eius</strong></span> <span class='ocrx_word' id='word_1_326' title='bbox 901 3379 991 3472; x_wconf 88' lang='lat' dir='ltr'><strong>quasi</strong></span> <span class='ocrx_word' id='word_1_327' title='bbox 1013 3377 1081 3446; x_wconf 88' lang='lat' dir='ltr'><strong>dies</strong></span> <span class='ocrx_word' id='word_1_328' title='bbox 1103 3379 1275 3448; x_wconf 86' lang='lat' dir='ltr'><strong>coelorum.</strong></span> 
     </span>
    </p>
   </div>
   <div class='ocr_carea' id='block_1_15' title="bbox 177 3521 1337 3677">
    <p class='ocr_par' dir='ltr' id='par_1_15' title="bbox 177 3521 1337 3677">
     <span class='ocr_line' id='line_1_36' title="bbox 256 3521 1104 3604; baseline -0.005 -17"><span class='ocrx_word' id='word_1_329' title='bbox 256 3525 305 3587; x_wconf 85' lang='grc'><strong>25.</strong></span> <span class='ocrx_word' id='word_1_330' title='bbox 325 3525 366 3584; x_wconf 81' lang='lat' dir='ltr'><strong>Et</strong></span> <span class='ocrx_word' id='word_1_331' title='bbox 386 3529 495 3584; x_wconf 70' lang='lat' dir='ltr'><strong>sertim</strong></span> <span class='ocrx_word' id='word_1_332' title='bbox 512 3545 586 3584; x_wconf 80' lang='lat' dir='ltr'><strong>meo.</strong></span> <span class='ocrx_word' id='word_1_333' title='bbox 606 3521 711 3598; x_wconf 86' lang='lat' dir='ltr'><strong>Docet,</strong></span> <span class='ocrx_word' id='word_1_334' title='bbox 730 3523 898 3584; x_wconf 86' lang='lat' dir='ltr'><strong>continuum</strong></span> <span class='ocrx_word' id='word_1_335' title='bbox 917 3524 978 3583; x_wconf 86' lang='lat' dir='ltr'><strong>eius</strong></span> <span class='ocrx_word' id='word_1_336' title='bbox 997 3524 1104 3604; x_wconf 77' lang='lat' dir='ltr'><strong>gratiae</strong></span> 
     </span>
     <span class='ocr_line' id='line_1_37' title="bbox 177 3543 1337 3677; baseline -0.004 -12"><span class='ocrx_word' id='word_1_337' title='bbox 177 3603 283 3666; x_wconf 85' lang='lat' dir='ltr'><strong>Davidi</strong></span> <span class='ocrx_word' id='word_1_338' title='bbox 308 3603 445 3676; x_wconf 82' lang='lat' dir='ltr'><strong>ostendit,</strong></span> <span class='ocrx_word' id='word_1_339' title='bbox 473 3610 601 3663; x_wconf 88' lang='lat' dir='ltr'><strong>tenorem</strong></span> <span class='ocrx_word' id='word_1_340' title='bbox 625 3603 708 3677; x_wconf 50' lang='lat' dir='ltr'><strong>iorep</strong></span> <span class='ocrx_word' id='word_1_341' title='bbox 731 3602 897 3663; x_wconf 72' lang='lat' dir='ltr'><strong>tantundem</strong></span> <span class='ocrx_word' id='word_1_342' title='bbox 922 3604 998 3662; x_wconf 89' lang='lat' dir='ltr'><strong>enim</strong></span> <span class='ocrx_word' id='word_1_343' title='bbox 1017 3543 1203 3664; x_wconf 72' lang='lat' dir='ltr'><strong>vatentbaec</strong></span> <span class='ocrx_word' id='word_1_344' title='bbox 1222 3602 1309 3662; x_wconf 82' lang='lat' dir='ltr'><strong>verba</strong></span> <span class='ocrx_word' id='word_1_345' title='bbox 1335 3611 1337 3616; x_wconf 82' lang='grc'><em>“</em></span> 
     </span>
    </p>
   </div>
   <div class='ocr_carea' id='block_1_16' title="bbox 82 3681 1310 3762">
    <p class='ocr_par' dir='ltr' id='par_1_16' title="bbox 82 3681 1310 3762">
     <span class='ocr_line' id='line_1_38' title="bbox 82 3681 1310 3762; baseline -0.004 -17"><span class='ocrx_word' id='word_1_346' title='bbox 82 3741 88 3758; x_wconf 78' lang='lat'><em>,</em></span> <span class='ocrx_word' id='word_1_347' title='bbox 177 3687 236 3745; x_wconf 87' lang='lat' dir='ltr'><strong>acsi</strong></span> <span class='ocrx_word' id='word_1_348' title='bbox 255 3684 381 3757; x_wconf 73' lang='lat' dir='ltr'><strong>dixisset,</strong></span> <span class='ocrx_word' id='word_1_349' title='bbox 400 3689 433 3742; x_wconf 86' lang='lat' dir='ltr'><strong>nt</strong></span> <span class='ocrx_word' id='word_1_350' title='bbox 452 3702 483 3742; x_wconf 84' lang='lat' dir='ltr'><strong>ee</strong></span> <span class='ocrx_word' id='word_1_351' title='bbox 503 3701 633 3743; x_wconf 87' lang='lat' dir='ltr'><strong>veracem</strong></span> <span class='ocrx_word' id='word_1_352' title='bbox 652 3688 785 3762; x_wconf 81' lang='lat' dir='ltr'><strong>praestet,</strong></span> <span class='ocrx_word' id='word_1_353' title='bbox 803 3683 866 3742; x_wconf 85' lang='lat' dir='ltr'><strong>inre</strong></span> <span class='ocrx_word' id='word_1_354' title='bbox 885 3701 999 3762; x_wconf 89' lang='lat' dir='ltr'><strong>semper</strong></span> <span class='ocrx_word' id='word_1_355' title='bbox 1017 3681 1185 3743; x_wconf 81' lang='lat' dir='ltr'><strong>beneficum.</strong></span> <span class='ocrx_word' id='word_1_356' title='bbox 1211 3681 1253 3742; x_wconf 86' lang='lat' dir='ltr'><strong>lta</strong></span> <span class='ocrx_word' id='word_1_357' title='bbox 1268 3685 1310 3740; x_wconf 84' lang='lat' dir='ltr'><strong>ri·</strong></span> 
     </span>
    </p>
   </div>
   <div class='ocr_carea' id='block_1_17' title="bbox 0 3229 6 4560">
    <p class='ocr_par' dir='ltr' id='par_1_17' title="bbox 0 3229 6 4560">
     <span class='ocr_line' id='line_1_39' title="bbox 0 3229 6 4560; baseline 0 0"><span class='ocrx_word' id='word_1_358' title='bbox 0 3229 6 4560; x_wconf 95' lang='lat' dir='ltr'><strong> </strong></span> 
     </span>
    </p>
   </div>
   <div class='ocr_carea' id='block_1_18' title="bbox 102 3759 1311 3842">
    <p class='ocr_par' dir='ltr' id='par_1_18' title="bbox 102 3759 1311 3842">
     <span class='ocr_line' id='line_1_40' title="bbox 102 3759 1311 3842; baseline -0.001 -20"><span class='ocrx_word' id='word_1_359' title='bbox 102 3779 106 3784; x_wconf 85' lang='grc'><strong><em>·</em></strong></span> <span class='ocrx_word' id='word_1_360' title='bbox 179 3767 289 3837; x_wconf 68' lang='lat' dir='ltr'><strong>dnus,</strong></span> <span class='ocrx_word' id='word_1_361' title='bbox 313 3781 372 3821; x_wconf 88' lang='lat' dir='ltr'><strong>uuo</strong></span> <span class='ocrx_word' id='word_1_362' title='bbox 391 3762 478 3822; x_wconf 91' lang='lat' dir='ltr'><strong>modo</strong></span> <span class='ocrx_word' id='word_1_363' title='bbox 498 3780 515 3821; x_wconf 82' lang='lat' dir='ltr'><strong>a</strong></span> <span class='ocrx_word' id='word_1_364' title='bbox 539 3762 679 3841; x_wconf 80' lang='lat' dir='ltr'><strong>principio</strong></span> <span class='ocrx_word' id='word_1_365' title='bbox 699 3759 794 3821; x_wconf 89' lang='lat' dir='ltr'><strong>Deum</strong></span> <span class='ocrx_word' id='word_1_366' title='bbox 819 3759 980 3821; x_wconf 82' lang='lat' dir='ltr'><strong>exhibuisse</strong></span> <span class='ocrx_word' id='word_1_367' title='bbox 1004 3760 1136 3822; x_wconf 86' lang='lat' dir='ltr'><strong>bonitatis</strong></span> <span class='ocrx_word' id='word_1_368' title='bbox 1161 3779 1229 3824; x_wconf 85' lang='lat' dir='ltr'><strong>suae</strong></span> <span class='ocrx_word' id='word_1_369' title='bbox 1248 3781 1311 3842; x_wconf 85' lang='lat' dir='ltr'><strong>spe·</strong></span> 
     </span>
    </p>
   </div>
   <div class='ocr_carea' id='block_1_19' title="bbox 1137 3515 1311 3583">
    <p class='ocr_par' dir='ltr' id='par_1_19' title="bbox 1137 3515 1435 3610">
     <span class='ocr_line' id='line_1_41' title="bbox 1137 3515 1311 3583; baseline 0 -1"><span class='ocrx_word' id='word_1_370' title='bbox 1137 3515 1209 3582; x_wconf 47' lang='lat' dir='ltr'><strong>&#39;uam</strong></span> <span class='ocrx_word' id='word_1_371' title='bbox 1227 3523 1311 3583; x_wconf 89' lang='lat' dir='ltr'><strong>initio</strong></span> 
     </span>
    </p>
   </div>
   <div class='ocr_carea' id='block_1_20' title="bbox 96 3839 1435 3922">
    <p class='ocr_par' dir='ltr' id='par_1_20' title="bbox 96 3839 1435 3922">
     <span class='ocr_line' id='line_1_42' title="bbox 96 3839 1435 3922; baseline -0.004 -18"><span class='ocrx_word' id='word_1_372' title='bbox 96 3907 100 3916; x_wconf 58' lang='grc'>,</span> <span class='ocrx_word' id='word_1_373' title='bbox 179 3846 272 3904; x_wconf 88' lang='lat' dir='ltr'><strong>cimeu</strong></span> <span class='ocrx_word' id='word_1_374' title='bbox 291 3843 321 3900; x_wconf 91' lang='lat' dir='ltr'><strong>iu</strong></span> <span class='ocrx_word' id='word_1_375' title='bbox 340 3840 462 3912; x_wconf 85' lang='lat' dir='ltr'><strong>Davide,</strong></span> <span class='ocrx_word' id='word_1_376' title='bbox 482 3841 530 3901; x_wconf 86' lang='lat' dir='ltr'><strong>sed</strong></span> <span class='ocrx_word' id='word_1_377' title='bbox 550 3840 668 3902; x_wconf 86' lang='lat' dir='ltr'><strong>candem</strong></span> <span class='ocrx_word' id='word_1_378' title='bbox 688 3839 866 3900; x_wconf 87' lang='lat' dir='ltr'><strong>clementiam</strong></span> <span class='ocrx_word' id='word_1_379' title='bbox 885 3841 971 3902; x_wconf 80' lang='lat' dir='ltr'><strong>tuisse</strong></span> <span class='ocrx_word' id='word_1_380' title='bbox 990 3848 1214 3922; x_wconf 73' lang='lat' dir='ltr'><strong>prosequutumt</strong></span> <span class='ocrx_word' id='word_1_381' title='bbox 1233 3841 1313 3922; x_wconf 87' lang='lat' dir='ltr'><strong>quod</strong></span> <span class='ocrx_word' id='word_1_382' title='bbox 1434 3881 1435 3884; x_wconf 19' lang='grc' dir='ltr'><strong>κ</strong></span> 
     </span>
    </p>
   </div>
   <div class='ocr_carea' id='block_1_21' title="bbox 131 3918 1314 4243">
    <p class='ocr_par' dir='ltr' id='par_1_21' title="bbox 131 3918 1312 4084">
     <span class='ocr_line' id='line_1_43' title="bbox 179 3918 1312 4002; baseline -0.005 -19"><span class='ocrx_word' id='word_1_383' title='bbox 179 3924 215 3983; x_wconf 87' lang='lat' dir='ltr'><strong>ad</strong></span> <span class='ocrx_word' id='word_1_384' title='bbox 235 3929 337 3990; x_wconf 74' lang='lat' dir='ltr'><strong>totam</strong></span> <span class='ocrx_word' id='word_1_385' title='bbox 347 3919 454 3980; x_wconf 82' lang='lat' dir='ltr'><strong>Christi</strong></span> <span class='ocrx_word' id='word_1_386' title='bbox 472 3918 627 3981; x_wconf 83' lang='lat' dir='ltr'><strong>Ecclesiam</strong></span> <span class='ocrx_word' id='word_1_387' title='bbox 646 3927 769 4002; x_wconf 86' lang='lat' dir='ltr'><strong>spectat,</strong></span> <span class='ocrx_word' id='word_1_388' title='bbox 793 3926 825 3980; x_wconf 89' lang='lat' dir='ltr'><strong>ut</strong></span> <span class='ocrx_word' id='word_1_389' title='bbox 844 3921 874 3980; x_wconf 91' lang='lat' dir='ltr'><strong>iu</strong></span> <span class='ocrx_word' id='word_1_390' title='bbox 892 3928 956 3981; x_wconf 91' lang='lat' dir='ltr'><strong>toto</strong></span> <span class='ocrx_word' id='word_1_391' title='bbox 976 3922 1074 3982; x_wconf 81' lang='lat' dir='ltr'><strong>salutis</strong></span> <span class='ocrx_word' id='word_1_392' title='bbox 1093 3927 1206 3981; x_wconf 84' lang='lat' dir='ltr'><strong>nostroe</strong></span> <span class='ocrx_word' id='word_1_393' title='bbox 1225 3939 1312 3980; x_wconf 81' lang='lat' dir='ltr'><strong>curso</strong></span> 
     </span>
     <span class='ocr_line' id='line_1_44' title="bbox 131 3997 1311 4084; baseline -0.003 -21"><span class='ocrx_word' id='word_1_394' title='bbox 131 4039 135 4048; x_wconf 90' lang='lat'><em>·</em></span> <span class='ocrx_word' id='word_1_395' title='bbox 180 4008 316 4084; x_wconf 85' lang='lat' dir='ltr'><strong>appareat</strong></span> <span class='ocrx_word' id='word_1_396' title='bbox 335 3998 392 4059; x_wconf 91' lang='lat' dir='ltr'><strong>Dei</strong></span> <span class='ocrx_word' id='word_1_397' title='bbox 411 3997 538 4074; x_wconf 84' lang='lat' dir='ltr'><strong>bouitas,</strong></span> <span class='ocrx_word' id='word_1_398' title='bbox 557 4020 615 4060; x_wconf 91' lang='lat' dir='ltr'><strong>nou</strong></span> <span class='ocrx_word' id='word_1_399' title='bbox 634 3997 745 4061; x_wconf 83' lang='lat' dir='ltr'><strong>tautum</strong></span> <span class='ocrx_word' id='word_1_400' title='bbox 764 4002 794 4060; x_wconf 92' lang='lat' dir='ltr'><strong>iu</strong></span> <span class='ocrx_word' id='word_1_401' title='bbox 814 3999 970 4076; x_wconf 81' lang='lat' dir='ltr'><strong>vestibulo,</strong></span> <span class='ocrx_word' id='word_1_402' title='bbox 990 4002 1074 4060; x_wconf 88' lang='lat' dir='ltr'><strong>sicuti</strong></span> <span class='ocrx_word' id='word_1_403' title='bbox 1093 4020 1132 4061; x_wconf 92' lang='lat' dir='ltr'><strong>uu</strong></span> <span class='ocrx_word' id='word_1_404' title='bbox 1152 4007 1238 4062; x_wconf 77' lang='lat' dir='ltr'><strong>entur</strong></span> <span class='ocrx_word' id='word_1_405' title='bbox 1256 3997 1311 4059; x_wconf 87' lang='lat' dir='ltr'><strong>So·</strong></span> 
     </span>
    </p>

    <p class='ocr_par' dir='ltr' id='par_1_22' title="bbox 180 4022 1314 4243">
     <span class='ocr_line' id='line_1_45' title="bbox 181 4022 1314 4163; baseline -0.003 -23"><span class='ocrx_word' id='word_1_406' title='bbox 181 4085 300 4163; x_wconf 81' lang='lat' dir='ltr'><strong>ptristae.</strong></span> <span class='ocrx_word' id='word_1_407' title='bbox 342 4083 443 4140; x_wconf 75' lang='lat' dir='ltr'><strong>Conso</strong></span> <span class='ocrx_word' id='word_1_408' title='bbox 461 4081 589 4140; x_wconf 77' lang='lat' dir='ltr'><strong>Dnotdts</strong></span> <span class='ocrx_word' id='word_1_409' title='bbox 607 4078 662 4154; x_wconf 76' lang='lat' dir='ltr'><strong>bic,</strong></span> <span class='ocrx_word' id='word_1_410' title='bbox 682 4087 715 4140; x_wconf 90' lang='lat' dir='ltr'><strong>ut</strong></span> <span class='ocrx_word' id='word_1_411' title='bbox 733 4097 818 4161; x_wconf 87' lang='lat' dir='ltr'><strong>saepe</strong></span> <span class='ocrx_word' id='word_1_412' title='bbox 838 4081 915 4153; x_wconf 83' lang='lat' dir='ltr'><strong>elias,</strong></span> <span class='ocrx_word' id='word_1_413' title='bbox 935 4099 990 4162; x_wconf 92' lang='lat' dir='ltr'><strong>pro</strong></span> <span class='ocrx_word' id='word_1_414' title='bbox 1010 4081 1109 4161; x_wconf 79' lang='lat' dir='ltr'><strong>gloria,</strong></span> <span class='ocrx_word' id='word_1_415' title='bbox 1128 4022 1264 4162; x_wconf 73' lang='lat' dir='ltr'><strong>dignitate</strong></span> <span class='ocrx_word' id='word_1_416' title='bbox 1283 4084 1314 4138; x_wconf 88' lang='lat' dir='ltr'><strong>et</strong></span> 
     </span>
     <span class='ocr_line' id='line_1_46' title="bbox 180 4156 1313 4243; baseline -0.003 -24"><span class='ocrx_word' id='word_1_417' title='bbox 180 4163 307 4243; x_wconf 87' lang='lat' dir='ltr'><strong>potentia</strong></span> <span class='ocrx_word' id='word_1_418' title='bbox 326 4161 456 4219; x_wconf 86' lang='lat' dir='ltr'><strong>sumitur.</strong></span> <span class='ocrx_word' id='word_1_419' title='bbox 485 4157 609 4238; x_wconf 84' lang='lat' dir='ltr'><strong>ideoque</strong></span> <span class='ocrx_word' id='word_1_420' title='bbox 628 4177 727 4218; x_wconf 79' lang='lat' dir='ltr'><strong>senem</strong></span> <span class='ocrx_word' id='word_1_421' title='bbox 746 4167 798 4235; x_wconf 87' lang='lat' dir='ltr'><strong>est,</strong></span> <span class='ocrx_word' id='word_1_422' title='bbox 818 4156 875 4219; x_wconf 91' lang='lat' dir='ltr'><strong>Dei</strong></span> <span class='ocrx_word' id='word_1_423' title='bbox 895 4159 1032 4222; x_wconf 78' lang='lat' dir='ltr'><strong>beneficio</strong></span> <span class='ocrx_word' id='word_1_424' title='bbox 1050 4177 1218 4240; x_wconf 86' lang='lat' dir='ltr'><strong>prosperum</strong></span> <span class='ocrx_word' id='word_1_425' title='bbox 1238 4177 1313 4220; x_wconf 86' lang='lat' dir='ltr'><strong>sem·</strong></span> 
     </span>
    </p>
   </div>
   <div class='ocr_carea' id='block_1_22' title="bbox 181 4235 1435 4322">
    <p class='ocr_par' dir='ltr' id='par_1_23' title="bbox 181 4235 1435 4322">
     <span class='ocr_line' id='line_1_47' title="bbox 181 4235 1435 4322; baseline 0 -24"><span class='ocrx_word' id='word_1_426' title='bbox 181 4259 237 4322; x_wconf 89' lang='lat' dir='ltr'><strong>per</strong></span> <span class='ocrx_word' id='word_1_427' title='bbox 257 4247 287 4299; x_wconf 87' lang='lat' dir='ltr'><strong>et</strong></span> <span class='ocrx_word' id='word_1_428' title='bbox 310 4240 459 4298; x_wconf 83' lang='lat' dir='ltr'><strong>florentem</strong></span> <span class='ocrx_word' id='word_1_429' title='bbox 478 4237 540 4297; x_wconf 83' lang='lat' dir='ltr'><strong>iore</strong></span> <span class='ocrx_word' id='word_1_430' title='bbox 563 4238 643 4317; x_wconf 78' lang='lat' dir='ltr'><strong>regui</strong></span> <span class='ocrx_word' id='word_1_431' title='bbox 662 4245 776 4299; x_wconf 76' lang='lat' dir='ltr'><strong>statum</strong></span> <span class='ocrx_word' id='word_1_432' title='bbox 796 4237 919 4299; x_wconf 78' lang='lat' dir='ltr'><strong>Additur</strong></span> <span class='ocrx_word' id='word_1_433' title='bbox 942 4259 1012 4300; x_wconf 86' lang='lat' dir='ltr'><strong>mox</strong></span> <span class='ocrx_word' id='word_1_434' title='bbox 1031 4237 1197 4320; x_wconf 78' lang='lat' dir='ltr'><strong>amplitudo.</strong></span> <span class='ocrx_word' id='word_1_435' title='bbox 1237 4235 1313 4298; x_wconf 80' lang='lat' dir='ltr'><strong>Nam</strong></span> <span class='ocrx_word' id='word_1_436' title='bbox 1434 4249 1435 4280; x_wconf 64' lang='lat' dir='ltr'><strong>i</strong></span> 
     </span>
    </p>
   </div>
   <div class='ocr_carea' id='block_1_23' title="bbox 168 4317 1339 4478">
    <p class='ocr_par' dir='ltr' id='par_1_24' title="bbox 168 4317 1339 4478">
     <span class='ocr_line' id='line_1_48' title="bbox 182 4317 1339 4400; baseline -0.001 -23"><span class='ocrx_word' id='word_1_437' title='bbox 182 4320 250 4398; x_wconf 79' lang='lat' dir='ltr'><strong>quia</strong></span> <span class='ocrx_word' id='word_1_438' title='bbox 270 4318 393 4400; x_wconf 83' lang='lat' dir='ltr'><strong>populus</strong></span> <span class='ocrx_word' id='word_1_439' title='bbox 413 4320 471 4376; x_wconf 89' lang='lat' dir='ltr'><strong>suis</strong></span> <span class='ocrx_word' id='word_1_440' title='bbox 490 4317 642 4377; x_wconf 79' lang='lat' dir='ltr'><strong>sceleribus</strong></span> <span class='ocrx_word' id='word_1_441' title='bbox 660 4317 737 4377; x_wconf 84' lang='lat' dir='ltr'><strong>viam</strong></span> <span class='ocrx_word' id='word_1_442' title='bbox 756 4317 949 4398; x_wconf 78' lang='lat' dir='ltr'><strong>praecluserat</strong></span> <span class='ocrx_word' id='word_1_443' title='bbox 967 4317 1023 4380; x_wconf 87' lang='lat' dir='ltr'><strong>Dei</strong></span> <span class='ocrx_word' id='word_1_444' title='bbox 1042 4317 1244 4393; x_wconf 84' lang='lat' dir='ltr'><strong>benedictioni,</strong></span> <span class='ocrx_word' id='word_1_445' title='bbox 1268 4337 1312 4376; x_wconf 91' lang='lat' dir='ltr'><strong>re·</strong></span> <span class='ocrx_word' id='word_1_446' title='bbox 1331 4329 1339 4336; x_wconf 89' lang='grc'>·</span> 
     </span>
     <span class='ocr_line' id='line_1_49' title="bbox 168 4395 1314 4478; baseline 0 -21"><span class='ocrx_word' id='word_1_447' title='bbox 168 4399 306 4461; x_wconf 75' lang='lat' dir='ltr'><strong>¹strictior</strong></span> <span class='ocrx_word' id='word_1_448' title='bbox 329 4397 423 4458; x_wconf 81' lang='lat' dir='ltr'><strong>tuerat</strong></span> <span class='ocrx_word' id='word_1_449' title='bbox 445 4398 507 4457; x_wconf 88' lang='lat' dir='ltr'><strong>eius</strong></span> <span class='ocrx_word' id='word_1_450' title='bbox 530 4395 689 4476; x_wconf 80' lang='lat' dir='ltr'><strong>haereditas</strong></span> <span class='ocrx_word' id='word_1_451' title='bbox 712 4413 799 4478; x_wconf 82' lang='lat' dir='ltr'><strong>qoam</strong></span> <span class='ocrx_word' id='word_1_452' title='bbox 819 4397 927 4460; x_wconf 65' lang='lat' dir='ltr'><strong>tenebo</strong></span> <span class='ocrx_word' id='word_1_453' title='bbox 942 4399 1105 4478; x_wconf 85' lang='lat' dir='ltr'><strong>promissio.</strong></span> <span class='ocrx_word' id='word_1_454' title='bbox 1144 4395 1229 4458; x_wconf 84' lang='lat' dir='ltr'><strong>Nunc</strong></span> <span class='ocrx_word' id='word_1_455' title='bbox 1246 4415 1314 4478; x_wconf 87' lang='lat' dir='ltr'><strong>pro·</strong></span> 
     </span>
    </p>
   </div>
   <div class='ocr_carea' id='block_1_24' title="bbox 0 0 1457 4888">
    <p class='ocr_par' dir='ltr' id='par_1_25' title="bbox 0 0 1457 4888">
     <span class='ocr_line' id='line_1_50' title="bbox 0 0 1457 4888; baseline 0 0"><span class='ocrx_word' id='word_1_456' title='bbox 0 0 1457 4888; x_wconf 95' lang='lat' dir='ltr'><strong> </strong></span> 
     </span>
    </p>
   </div>
  </div>
 </body>
</html>
