2844 4882
194 279 249 338 370
513 310 520 318 .
620 267 906 318 testitum

195 381 270 465 Nam
288 399 337 462 llla
356 399 514 461 ceremonia
533 404 666 460 testatum
677 397 758 460 Deus
777 399 869 460 voluit
884 398 1025 472 Patribus,
1044 397 1138 460 uallis
1158 398 1213 460 sibl
1235 417 1349 481 preces

194 485 249 545 uisi
272 480 411 550 sacrificio
436 481 601 540 coniunctas
626 480 749 560 placere,
773 486 806 540 ut
825 497 939 561 semper
958 477 994 538 ad
1015 479 1201 540 Mediatorrm
1221 485 1347 540 mentes

194 579 260 623 suas
281 567 486 621 converterent.
527 557 643 620 Fatetur
668 565 763 618 autern
783 560 875 640 primo
895 561 959 620 loco
979 577 1017 617 se
1030 559 1177 640 indignum
1196 578 1265 618 esse
1287 561 1345 638 qui

215 640 324 701 recibus
344 641 497 718 quicquam
516 641 655 720 impetret,
676 639 729 697 nisi
749 641 834 720 gratis
854 641 948 721 ipsum
960 638 1095 698 exaudiat
1107 637 1197 699 Deus.
1221 637 1345 698 Deinde

192 733 195 744 ·
262 739 292 780 m
311 719 363 778 sibi
382 720 411 778 in
431 719 487 780 boc
507 719 663 800 propitium
681 737 747 780 ,esse
767 725 857 800 optat,
876 726 910 778 ut
928 719 982 780 rite
1001 717 1131 798 proficiat
1150 721 1180 778 in
1199 719 1343 778 doctriua

194 799 288 880 Legis.
308 795 381 858 Nam
399 798 520 858 corbum
540 803 617 866 ΠῊ
638 817 697 878 quo
717 799 815 872 utitur,
834 797 973 880 siguificat
991 817 1071 858 mero
1092 798 1275 880 beneplacito
1300 797 1341 856 la-

193 897 271 948 vere,
290 877 365 937 unde
385 880 514 958 sequitur
531 878 602 956 uilril
621 895 684 938 esse
705 880 733 938 iu
754 878 885 959 precibus
906 870 1058 959 dignitatis,
1077 878 1128 938 sed
1148 879 1263 958 quoties
1285 895 1340 938 an·

192 961 256 1021 nuit
275 957 365 1033 Deua,
385 955 537 1018 liberaliter
556 957 612 1018 boo
631 957 706 1017 dare.

273 1039 341 1103 109.
360 1041 472 1098 Assimd
482 1045 588 1098 medin
597 1059 698 1096 morsu.
728 1035 833 1110 Decet,
852 1035 937 1096 nullis
957 1037 1109 1110 aerumnis,
1127 1034 1340 1098 afflictionibu!

192 1117 240 1178 rel
264 1117 397 1200 periculis
420 1135 452 1176 se
475 1117 626 1177 alienatum
651 1117 775 1176 luisses
795 1114 851 1176 Dei
876 1115 955 1176 culto
978 1121 1009 1175 et
1028 1115 1111 1198 Legis
1136 1116 1337 1177 observantis

192 1197 328 1259 Animam
347 1197 422 1258 enirn
444 1203 553 1277 gestare
571 1199 600 1256 iu
620 1212 721 1269 mano,
750 1194 915 1256 tantundem
936 1195 1012 1256 valet
1031 1210 1065 1254 ac
1085 1197 1121 1256 de
1138 1200 1198 1256 rita
1218 1196 1337 1277 peridi-

191 1279 261 1352 tsri‚
290 1284 324 1337 ut
348 1277 441 1337 auimo
466 1277 502 1335 sit
526 1276 609 1357 quasi
634 1284 720 1336 vento
744 1276 882 1355 exposita.
922 1273 1013 1336 Sicuti
1040 1275 1089 1336 lob
1110 1277 1229 1350 13,11.
1257 1273 1336 1334 dom

191 1357 311 1417 tabescit
335 1357 365 1416 iu
388 1355 486 1430 malis,
510 1363 538 1415 et
562 1357 591 1415 iu
617 1356 728 1493 εἰηέιιίι
747 1362 893 1415 momenta
912 1362 1033 1414 mortem
1053 1360 1201 1436 essperia
1220 1361 1253 1416 ct
1272 1373 1337 1414 me·

190 1438 261 1510 tuit,
290 1437 476 1515 conqueritur
493 1435 617 1495 animam
637 1437 658 1494 si
680 1435 689 1494 l
709 1454 772 1495 esse
790 1435 820 1495 in
837 1441 942 1494 manus
971 1435 1168 1506 residisset,
1197 1434 1336 1494 avrdsaru

192 1535 209 1576 a
229 1535 283 1576 suo
300 1515 455 1590 domicilio,
474 1513 618 1575 subiacere
637 1517 737 1574 mortis
754 1515 882 1594 imperio.
922 1513 1075 1596 Perperan
1093 1515 1180 1596 igitur
1197 1514 1338 1594 loquuti·

123 1629 128 1639 ι
169 1596 264 1656 *baec
292 1592 328 1655 ab
358 1594 479 1655 indoctis
497 1601 651 1676 torquetur
669 1597 699 1654 iu
719 1593 874 1654 absurdum
893 1613 1023 1654 mosum:
1052 1598 1111 1654 acsi
1130 1595 1237 1654 diceret
1257 1591 1335 1652 Pro-

191 1676 294 1758 pheta,
322 1675 353 1741 iu
383 1673 500 1745 arbitrio
529 1693 583 1734 suo
607 1693 671 1736 csse
696 1675 771 1734 vitae
796 1691 864 1732 scae
884 1675 1018 1754 regines.
1059 1671 1138 1754 Qoiu
1158 1676 1256 1754 potios
1277 1672 1336 1733 bac

191 1754 402 1817 circumstantia
426 1754 562 1835 pietatem
586 1773 667 1818 suam
687 1751 880 1813 commendat:
901 1754 983 1833 *qood
1003 1755 1070 1815 licet
1089 1757 1163 1838 inter
1181 1754 1335 1834 coningio

191 1837 326 1910 lactetur,
354 1842 386 1895 et
410 1840 524 1894 centem
548 1840 656 1895 mortes
675 1839 825 1892 venentur
844 1839 914 1894 onte
928 1833 1043 1908 oculos,
1062 1839 1106 1896 ut
1123 1852 1161 1895 ue
1179 1841 1334 1894 momento

190 1915 307 2002 quidem
326 1930 443 1975 securus
462 1913 598 1996 quiescat,
617 1933 675 1974 uon
694 1919 791 1978 nmen
810 1912 922 1974 obiiciat
941 1914 1067 1975 strrdium
1086 1912 1168 1994 begis
1185 1911 1251 1974 Det
1272 1912 1333 1973 Hic

190 2015 289 2058 rursus
306 1994 465 2055 notandum
484 1999 527 2056 est
546 2012 633 2074 quarn
653 1993 731 2053 duris
751 1993 949 2054 conaminibus
969 1994 1082 2076 probari
1101 1995 1207 2056 lumini
1227 1993 1333 2054 Patres

191 2076 244 2136 sub
264 2073 354 2156 Lege,
374 2093 411 2135 ne
430 2074 590 2138 discrimina
609 2081 640 2135 et
658 2081 751 2134 metus
769 2093 823 2136 uos
843 2071 1032 2152 absterreant,
1050 2075 1098 2135 vel
1116 2075 1210 2135 taedio
1232 2073 1332 2135 debili·

190 2156 427 2236 teut‘quomiaus
446 2155 547 2214 animis
566 2155 673 2214 uostris
691 2153 812 2214 insideat
830 2151 871 2214 Le
891 2155 913 2213 's
934 2153 990 2215 Dei
1009 2156 1154 2217 rumoris.
1179 2154 1331 2216 &statu

193 2236 319 2320 proximi
339 2252 439 2294 versus
460 2233 552 2294 allicis
572 2241 625 2309 est,
644 2235 710 2315 quio
732 2234 848 2316 propior
869 2173 997 2315 &migrat
1016 2234 1158 2316 Propheta
1180 2235 1329 2316 quomodo

192 2318 281 2375 vitam
301 2332 382 2374 suam
403 2315 556 2394 gestaverit
575 2313 605 2373 iu
625 2331 729 2374 mauu:
760 2331 863 2395 nempe
887 2316 964 2394 qood
985 2317 1111 2395 undique
1126 2313 1329 2396 ‘improborum

190 2393 297 2456 insidiis
306 2393 466 2470 conclusos,
478 2411 559 2475 spem
568 2393 627 2454 lere
635 2395 712 2454 ritae
720 2393 829 2454 nullam
844 2401 980 2454 cerneret.
1001 2393 1240 2456 Diuimosarrtem
1251 2395 1328 2468 alibi,

190 2493 279 2556 quom
298 2471 408 2534 delicile
427 2475 479 2550 sit,
499 2473 549 2534 ubi
568 2475 627 2533 sois
647 2473 823 2554 captionibus
843 2476 995 2556 pernicicm
1014 2475 1095 2535 nobie
1115 2475 1256 2535 intentant
1274 2474 1328 2534 bo-

133 2589 136 2594 *
189 2563 256 2628 stes,
274 2571 334 2613 nou
355 2571 450 2613 errare
468 2571 484 2614 a
506 2555 559 2613 viis
580 2551 707 2627 Domini,
727 2571 793 2614 nom
813 2561 843 2613 et
862 2553 949 2614 libido
970 2557 1062 2616 caruis
1081 2555 1117 2614 ad
1137 2555 1327 2614 retalisndum

188 2653 243 2695 nos
262 2635 373 2694 incitat:
392 2646 446 2693 nec
464 2632 540 2693 ullus
559 2633 680 2693 tuendae
699 2633 775 2693 vitae
792 2639 907 2693 nostrae
927 2635 1029 2694 modus
1049 2641 1176 2716 apparet,
1196 2635 1251 2694 uisi
1265 2655 1326 2694 cen

190 2719 284 2776 lemos
307 2712 407 2772 iisdem
431 2712 538 2772 artibus
563 2713 667 2794 quibos
690 2712 731 2772 illi
756 2731 809 2772 uos
830 2721 1009 2794 oppugnant:
1041 2715 1223 2797 attingimus
1243 2714 1327 2775 uobis

190 2791 299 2852 licitum
318 2811 380 2853 esse
399 2792 509 2852 ululare
527 2792 602 2852 iuter
622 2792 715 2871 lupos,
734 2811 794 2872 quo
813 2796 902 2874 magis
924 2795 1083 2854 meditanda
1103 2795 1185 2854 nobis
1201 2794 1325 2855 estbsec

190 2871 332 2946 doctrine,
358 2870 426 2930 dum
446 2891 498 2931 uos
518 2871 598 2952 impii
617 2871 857 2947 circumveniunt,
882 2869 952 2932 nibil
972 2891 1034 2933 esse
1053 2873 1154 2934 melius
1174 2893 1261 2956 quarn
1281 2893 1325 2936 se·

191 2951 316 3032 quiquo
337 2947 417 3009 Deus
436 2955 530 3024 vocat,
548 2965 603 3010 uec
622 2951 776 3032 quicquam
795 2953 849 3012 uisi
869 2972 904 3012 ex
925 2953 985 3012 eius
1005 2955 1137 3014 mandato
1156 2959 1275 3014 tentare.

269 3031 337 3090 111.
357 3029 558 3090 licereditotis
577 3033 650 3090 ioco.
672 3029 831 3092 Confirmat
849 3051 948 3092 rursns
969 3036 1136 3096 seutentiam
1156 3033 1234 3093 illem
1251 3053 1324 3114 quse

189 3105 311 3168 nimium
330 3109 420 3204 repeti
439 3127 497 3168 noo
517 3115 620 3190 potest,
640 3109 745 3191 Legem
758 3109 812 3171 Dei
831 3111 920 3192 pluris
940 3111 993 3172 sibi
1012 3113 1099 3174 icisse
1118 3131 1205 3194 quam
1224 3133 1324 3176 omues

190 3188 289 3248 mundi
315 3187 442 3262 debetis,
467 3207 536 3270 opes
559 3196 589 3249 et
609 3192 714 3272 copias.
756 3189 912 3266 birxinon
932 3190 1036 3253 trustra
1055 3193 1140 3253 toties
1159 3193 1216 3253 hoc
1234 3195 1323 3254 incol-

190 3268 346 3364 &rituli
366 3267 494 3364 videmos
514 3274 548 3328 ut
567 3269 696 3330 ferveant
714 3271 815 3331 mundi
833 3270 972 3345 libidines,
993 3289 1079 3353 mom
1100 3273 1250 3353 multiplici
1265 3273 1321 3334 sol-

188 3345 649 3489 11111111
675 3349 1323 3493 1111111111111

188 3505 231 3594 gis
248 3503 317 3579 Dei.
357 3503 434 3588 Ergo
455 3450 609 3589 Prophetii
629 3449 735 3570 uincor
755 3509 888 3592 exemplo
906 3529 960 3570 uos
973 3451 1149 3586 1rilxrstiuiulast
1170 3451 1321 3574 diiiiltcrti·

187 3585 283 3644 monia
303 3583 360 3644 Dei
390 3591 485 3647 tabtae
515 3587 568 3649 sibi
588 3589 727 3670 voluptati
747 3608 823 3666 esse,
853 3597 887 3650 ut
911 3589 981 3649 nibil
1005 3593 1157 3672 pretiosior
1181 3593 1319 3654 aestimet.

168 3661 276 3744 ¹‘Solus
306 3665 381 3723 enim
411 3683 492 3725 amor
514 3669 559 3728 esi
582 3669 632 3749 qui
678 3669 778 3728 retium
804 3668 888 3730 rebus
907 3670 1050 3744 conciliet,
1080 3671 1144 3731 ideo
1165 3677 1198 3730 ul
1216 3669 1321 3753 Legem

187 3739 245 3802 Dei
265 3761 322 3822 qua
342 3743 424 3804 decet
443 3749 601 3807 reverentia
621 3689 758 3821 oriamur,
778 3747 813 3808 sb
834 3748 888 3807 bac
907 3749 1095 3812 delectatione
1114 3753 1238 3832 incipere
1254 3771 1319 3813 con·

125 3833 130 3844 “
184 3821 274 3881 venit.
314 3820 406 3882 Porro
426 3845 484 3885 nou
504 3827 607 3887 mirum
627 3833 670 3888 est
689 3829 849 3887 testimonia
870 3827 925 3889 Dei
945 3831 1082 3890 laetitiam
1102 3831 1217 3908 offerre,
1286 3852 1320 3893 aa

183 3899 356 3982 posthabitis
380 3910 411 3963 et
435 3908 537 3985 spretis
554 3905 616 3966 aliis
637 3907 768 3966 omuibus
788 3927 841 3967 nos
861 3909 912 3969 sibi
933 3909 1079 3972 devinctos
1098 3918 1201 3972 teneat.
1273 3913 1319 3972 uid

186 3981 262 4039 euim
282 3981 398 4042 suavius
418 4003 504 4065 quam
523 3986 606 4046 nobis
625 3988 721 4047 coelos
741 3988 1319 4152 1Εεῗτέ,ᾶὲἕιθῑῑιῑζῗοριειὲ3ῧοέἓοῶοοῦῐῖἲ
1391 4057 1392 4065 ἶ

131 4067 134 4081 ·
185 4059 303 4196 prodire
322 4061 422 4136 liceat,
452 4064 520 4122 dom
540 4083 594 4124 nos
614 4065 667 4125 sibi
687 4065 716 4125 iu
736 4066 755 4126 li

206 4141 293 4198 onst?
331 4139 411 4218 Quid
440 4140 591 4222 optabilius
621 4161 709 4240 quam
733 4147 830 4208 audire
854 4149 893 4208 ita
916 4148 999 4210 nobis
1018 4169 1081 4212 esse
1101 4153 1258 4232 placatum,
1285 4158 1319 4212 nt
1390 4167 1391 4189 ¹

184 4216 262 4276 ritae
285 4225 400 4280 nomme
420 4239 516 4280 coram
536 4223 690 4304 suscipiat?
719 4223 783 4285 Hoc
803 4226 931 4288 breviter
943 4231 1081 4310 attingere
1100 4233 1193 4290 visum
1212 4237 1266 4306 est,
1281 4251 1318 4292 ne

183 4295 321 4355 miremur
341 4295 481 4358 Davidem
512 4307 590 4359 tanta
619 4301 753 4363 affectum
779 4305 865 4364 brisso
890 4305 997 4370 laetitia
1016 4329 1053 4369 ex
1074 4307 1149 4389 Lege
1169 4307 1234 4369 Dei.
1271 4309 1318 4369 Si·
1388 4345 1389 4352 κ

184 4371 315 4434 mititudo
332 4383 430 4437 autam
450 4381 640 4443 invocatura
658 4382 823 4464 bequener
841 4389 964 4448 occurrit
983 4389 1014 4448 in
1023 4387 1189 4471 Scripturas
1209 4395 1239 4450 ct
1251 4387 1318 4449 baa-

1259 4753 1266 4762 ἱ
