2862 4888
200 292 237 350 52
626 291 942 356 ιοιιιιιιιιιι·1

202 415 308 496 lesibps
331 417 389 482 anis
413 421 538 498 pergent.
578 413 728 490 Οιιειιιιιι,
756 413 823 496 qnia
836 411 885 492 ,de
909 418 971 474 loto
997 412 1106 495 populo
1130 412 1178 474 laic
1194 413 1336 494 loquitur,
1392 450 1395 464 ·

110 547 116 562 .
196 497 286 579 ‚quasi
306 487 421 572 diceret,
445 499 507 556 sine
529 497 697 575 exceptione
721 515 820 556 omnes
839 511 857 554 a
875 493 992 559 minimo
1012 513 1103 574 usqne
1122 493 1158 554 ad
1174 494 1335 554 maximnm
1377 535 1384 549 ,

204 577 333 673 celeriter
354 574 442 670 luisse
466 582 667 656 consumptos,
691 573 963 671 probabilissliene
986 571 1083 667 referri
1107 571 1162 668 hac
1180 578 1277 668 posset
1295 571 1337 632 ad

189 654 500 807 *ttttttllt
518 651 1337 812 lassata'littttdtttltlttlatit

203 814 359 898 propinqui
378 819 470 873 terrae
494 811 610 873 Canaan
636 831 751 872 cursum
774 819 852 872 retro
877 811 1023 876 flexerant.
1063 808 1164 889 Quum
1186 829 1254 890 ergo
1279 809 1336 870 sibi

203 895 370 956 clausissent
392 892 564 970 ingressum,
588 891 688 952 cecidit
706 891 736 952 in
755 889 866 952 deserto
892 890 1076 970 qnadraginta
1095 891 1176 950 annis
1195 891 1337 950 immensa

201 972 367 1048 multitudo,
385 973 446 1032 dies
465 971 560 1051 priore
579 969 645 1030 loco
665 971 755 1052 ponit,
775 971 993 1030 deiudeeaaos:
1012 970 1069 1030 acsi
1090 965 1335 1040 dicerctDei'ma·

203 1053 353 1114 {edictione
375 1051 534 1134 praecisum
557 1049 612 1109 illis
636 1049 722 1110 luisse
746 1051 822 1109 vitae
841 1056 962 1130 tempus,
991 1056 1023 1108 nt
1042 1049 1123 1108 facile
1142 1055 1284 1109 constaret
1303 1051 1337 1108 in

203 1132 297 1194 medio
322 1147 407 1190 cnmu
431 1129 509 1210 ipsos
534 1128 663 1190 delicere.
703 1129 873 1209 Consumpti
897 1148 965 1209 ergo
984 1128 1099 1189 luerunt
1117 1128 1179 1198 das
1198 1137 1230 1188 ia
1249 1135 1337 1187 rarit-

59 1205 70 1228 ’
201 1221 273 1285 tata,
293 1211 361 1290 qnia
380 1215 557 1269 evanuerunt
577 1210 664 1268 'nster
681 1208 765 1269 lami:
791 1217 864 1270 ιιιιιιι·
882 1217 915 1270 e'a
930 1199 1133 1289 festinatione,
1157 1209 1224 1286 qnia
1248 1207 1337 1266 celeri

199 1290 324 1358 ‚emnam
347 1289 500 1348 lluxerunt
539 1231 655 1356 nhm
680 1288 796 1368 quidam
821 1293 936 1348 vertunt
964 1294 1115 1362 terrorem,
1140 1305 1194 1368 ego
1218 1286 1338 1346 mallem

199 1369 385 1442 ¹'l'umultnmz
411 1368 479 1448 qnia
502 1364 688 1426 hauddubie
713 1367 852 1446 significat
877 1365 1021 1447 Propheta
1045 1365 1229 1426 tumultuarie
1249 1365 1337 1424 abru-
1416 1404 1417 1422 ι

204 1447 359 1588 ριᾝιϋι
373 1445 580 1587 linisseHvipamp
599 1444 684 1586 lSed¹
698 1445 903 1584 Fpstinatppnis·
919 1464 1023 1584 nopaep
1042 1445 1122 1524 quod
1141 1445 1249 1540 clarius¹
1262 1451 1337 1538 erat,

203 1549 254 1590 mn
334 1545 423 1586 nous.
492 1544 543 1585 ae
579 1543 656 1588 uem
674 1544 749 1586 ansa
841 1543 937 1586 nacae
974 1545 1001 1584 ιιι
1034 1543 1080 1584 me
1177 1543 1251 1584 vues
1293 1544 1337 1582 us·

203 1609 257 1748 pus
282 1604 490 1686 superbiebant,
514 1603 668 1680 emarddas
687 1545 819 1684 addedd:
841 1611 875 1666 ut
893 1603 1019 1666 celeriter
1038 1543 1337 1666 insff’umbraehii-

227 1692 333 1749 nerent.

282 1765 331 1828 34.
354 1771 454 1840 Quam
472 1761 613 1828 occident
632 1787 690 1828 eoa.
720 1765 783 1826 liae
794 1765 1005 1826 circumstantia
1024 1765 1131 1826 crimen
1149 1768 1247 1843 segete
1267 1761 1337 1842 qnia

203 1845 254 1906 nbi
272 1845 410 1906 scelerum
429 1845 565 1919 convicii,
589 1863 621 1906 se
646 1846 734 1906 iustas
758 1845 882 1906 latentur
902 1864 1008 1939 poenas
1033 1845 1109 1912 dare,
1138 1862 1197 1903 non
1222 1843 1338 1902 ansero

206 1928 302 1982 antem
320 1925 416 1978 animo
435 1921 576 2012 supplices
595 1919 678 1994 liunt,
696 1923 755 1982 imo
774 1941 863 2003 prava
888 1923 1067 1984 simulatione
1086 1921 1181 1982 Deum
1201 1919 1337 1982 eludnme

205 2001 300 2061 minus
326 1995 496 2058 excusabilis
520 2005 564 2058 est
589 2019 690 2060 eornm
709 2003 846 2080 impietas
885 2000 919 2061 Si
944 2003 1007 2082 qais
1028 2009 1122 2067 mente
1140 1998 1337 2080 captus‚mala

205 2096 258 2140 sna
277 2095 337 2138 non
355 2077 465 2148 sentiat,
484 2077 640 2153 ignoscitur
664 2079 789 2160 stupori:
814 2082 864 2159 qui
888 2099 957 2140 vero
982 2087 1092 2140 reatum
1154 2095 1269 2138 nomme
1289 2096 1337 2136 co-

206 2159 291 2238 gitur,
310 2156 355 2216 sui
374 2161 470 2216 umen
489 2156 587 2218 similis
606 2165 710 2230 manet,
735 2158 781 2218 vel
800 2157 894 2220 locata
918 2145 1114 2239 deprecatione
1149 2163 1260 2229 metus,
1280 2153 1336 2214 sta'·

205 2237 259 2300 tim
276 2235 312 2295 ad
332 2235 475 2316 ingenium
496 2236 580 2294 redit:
601 2235 656 2296 hae
681 2237 798 2317 perfidia
817 2257 848 2298 ae
867 2237 1051 2298 insanabilem
1069 2257 1132 2298 esse
1152 2235 1338 2298 demonstrat

204 2311 489 2394 subindicatlautem
503 2313 647 2395 Propheta
665 2337 724 2378 non
742 2318 873 2398 vulgares
892 2317 939 2378 vel
958 2317 1093 2378 obscuras
1112 2315 1199 2376 luisse
1218 2333 1336 2394 poenas,

205 2392 312 2476 quibus
324 2412 399 2476 vgens
419 2392 466 2453 iha
486 2400 544 2453 tam
564 2393 702 2455 obstinata
722 2397 757 2456 ad
776 2395 968 2477 quaerendem
983 2395 1077 2456 Deum
1102 2393 1249 2476 compulsa
1269 2393 1336 2451 luit:

206 2491 301 2570 neque
320 2473 414 2534 solnm
433 2471 519 2566 refert
536 2473 675 2535 scelernm
693 2475 780 2536 luisse
807 2479 960 2572 convictos,
985 2476 1034 2536 sed
1058 2476 1144 2536 etiam
1168 2473 1337 2556 redemptio

205 2551 1336 2714 tattttffltttatttltltt'?⁰:²31ftttttttisttttt

205 2711 327 2772 siderate
346 2708 488 2788 abreptos,
508 2709 554 2770 vel
574 2709 708 2792 deceptos
732 2729 840 2780 usone,
864 2712 914 2773 sed
938 2715 1020 2794 qnasi
1039 2713 1104 2774 data
1123 2731 1209 2794 opera
1229 2709 1337 2791 perfide
1365 2773 1377 2790 Ι,

207 2789 328 2872 agendo,
347 2791 378 2848 in
397 2807 428 2847 se
447 2805 618 2867 provocasse
637 2791 709 2852 iram
724 2790 793 2851 Dei:
812 2794 895 2853 sicuti
913 2793 943 2854 in
958 2793 1034 2853 hunc
1053 2792 1138 2852 finem
1152 2793 1262 2872 aperuit
1281 2791 1339 2848 illis

209 2868 289 2930 Dens
315 2867 433 2941 ocules,
457 2873 489 2927 nt

321 2946 352 2964 ..
509 2867 650 3008 ¹perditam
675 2889 774 2931 eorum
797 2873 934 2932 malitiam
958 2873 1082 2968 apertius
1106 2871 1259 2952 detegeret,
1279 2870 1338 2928 acsi

207 2947 375 3088 hypobrrsm
393 2952 423 3006 ct
441 2945 506 3006 blan
537 2955 591 3008 nas
608 2967 709 3010 eornm
728 2951 889 3024 discutiens,
908 2971 926 3012 e
944 2971 1003 3012 snus
1012 2951 1124 3012 latebris
1143 2970 1193 3012 eos
1212 2947 1338 3012 ushan

206 3029 238 3088 in
268 3043 359 3086 uccm.
397 3023 550 3086 Perfidiam
569 3027 639 3090 vero
657 3049 793 3092 accusans
809 3028 867 3090 Pro
887 3030 962 3106 heta,
981 3033 1150 3112 quianeque
1163 3027 1338 3090 rectoeorde

207 3105 330 3168 confessi
354 3102 458 3202 lperint
482 3106 610 3186 culpam,
624 3109 727 3190 'neque
751 3131 819 3170 vere
843 3052 962 3191 gddsiam
981 3109 1186 3189 redemptionis
1202 3107 1268 3168 Deo
1287 3109 1339 3166 tri·

207 3186 328 3260 tuerint,
347 3185 416 3246 droit
434 3203 485 3246 eos
503 3207 555 3254 ere
574 3187 718 3250 blanditos
736 3199 764 3250 st
783 3193 823 3250 lta
907 3198 1042 3250 mamitos
1054 3193 1161 3270 faiam,
1179 3207 1239 3256 non
1258 3187 1339 3267 qnod

120 3310 124 3324 .
205 3265 285 3328 nulla
303 3270 377 3326 esset
395 3265 511 3344 agnitio,
529 3265 579 3324 sed
598 3268 742 3345 quinaria
762 3288 817 3332 con
829 3269 901 3330 assio
921 3269 1024 3330 allecto
1044 3287 1151 3342 carena
1170 3266 1338 3328 voluntaria

207 3364 266 3405 non
285 3351 356 3417 erat,
374 3341 453 3423 quod
472 3349 572 3404 notatu
590 3345 706 3424 dignum
725 3354 782 3408 est:
807 3349 873 3428 qnia
897 3347 964 3408 hinc
987 3348 1144 3430 colligimus
1169 3366 1227 3405 non
1248 3345 1337 3412 modo

209 3440 332 3484 crassam
352 3421 518 3502 hypocrisin
538 3425 692 3485 cavendam
711 3427 860 3502 esse,·ubi
884 3427 960 3488 alind
980 3427 1055 3508 apud
1074 3426 1203 3486 homines
1222 3425 1340 3503 prolite-

208 3511 258 3564 tur
282 3501 395 3582 lingua,
421 3519 508 3596 quam
531 3503 644 3576 animus
668 3505 783 3566 sentiat:
806 3505 855 3564 sod
878 3506 1084 3568 simulationem
1108 3523 1223 3584 quoque
1246 3505 1341 3583 magis

210 3581 365 3652 occultam,
389 3579 438 3639 nbr
461 3586 540 3640 metu
564 3589 678 3643 coactus
702 3584 843 3646 serviliter
865 3583 1008 3645 blanditur
1032 3585 1098 3645 Deo
1122 3589 1273 3666 peccator,
1311 3585 1342 3643 ni

209 3667 306 3728 tamen
324 3659 444 3720 libenter
463 3658 597 3720 indicium
616 3663 677 3722 eins
696 3664 838 3744 effugeret
868 3664 956 3743 Atqui
976 3666 1066 3725 maior
1095 3682 1140 3723 ars
1159 3661 1215 3722 hoc
1234 3605 1341 3724 mohho

210 3739 360 3800 exitialiter
380 3737 502 3798 laborat:
522 3741 588 3819 quia
607 3739 675 3802 licat
693 3739 749 3802 Dei
769 3745 898 3804 maiestas
922 3743 1046 3824 aliquam
1069 3685 1125 3802 ihi·
1150 3745 1341 3803 reverentiam

210 3823 396 3898 extorqueat,
415 3824 551 3896 cuperent
574 3825 668 3880 tamen
688 3821 839 3882 extinctam
859 3840 921 3884 esse
940 3843 1054 3886 omnem
1072 3822 1165 3883 lucun
1184 3822 1341 3882 doctrinae.

211 3895 310 3976 Quare
329 3915 387 3957 non
408 3897 475 3956 satis
494 3903 537 3958 eat
556 3916 680 3960 annuere
699 3901 786 3960 verbo
806 3899 872 3976 Dei,
894 3903 949 3961 nisi
966 3903 1083 3964 accedat
1101 3903 1191 3963 serius
1210 3903 1341 3976 allectus,

210 3996 263 4038 nec
284 3996 334 4036 cer
352 3981 481 4035 nostrum
503 3975 609 4056 duplex
628 3981 664 4038 sit
682 3980 731 4038 vel
754 3979 883 4042 divisam.
922 3979 990 4041 ldeo
1014 3981 1200 4042 simulationis
1223 3999 1341 4042 ramam

209 4062 239 4116 et
257 4055 366 4115 sontem
385 4052 527 4134 Propheta
546 4062 635 4126 notat,
655 4057 733 4137 quod
751 4059 925 4120 nonluerlat
941 4063 1057 4122 omres
1074 4083 1112 4121 ac
1130 4083 1263 4122 menese
1282 4063 1343 4122 acsi

211 4133 328 4208 diceret,
347 4133 524 4196 mendacium
548 4142 578 4195 et
602 4135 740 4198 fallaciam
763 4156 859 4198 eoram
877 4137 943 4200 Deo
967 4141 1107 4222 reputari,
1131 4141 1185 4200 nisi
1205 4139 1283 4220 quod
1303 4161 1342 4202 ex

92 4211 94 4230 '
211 4232 283 4292 pura
303 4213 397 4275 cordia
415 4213 573 4274 sinceritate
597 4215 756 4294 proiectum
780 4216 872 4278 luerit.
912 4215 990 4296 Quia
1013 4239 1083 4279 vero
1106 4219 1171 4278 talis
1194 4219 1343 4299 integritas

210 4293 316 4430 ppssim
334 4293 488 4388 requisitus·
511 4294 542 4354 in
561 4291 651 4375 Lege,¹
675 4301 812 4376 tanquam
835 4296 1004 4378 loedilragas
1030 4304 1145 4360 accusat
1147 4299 1218 4440 Appt
1237 4298 1342 4360 loedus

245 4389 272 4432 er
295 4391 355 4432 non
378 4368 517 4436 coluerunt
541 4391 598 4456 qna
621 4373 737 4438 decebat
760 4373 827 4438 lide.
863 4375 966 4440 hlutua
988 4380 1062 4440 enbn
1083 4381 1129 4456 <ut
1177 4378 1344 4440 ‘idictum
