<?xml version="1.0" encoding="UTF-8"?>
<!DOCTYPE html PUBLIC "-//W3C//DTD XHTML 1.0 Transitional//EN"
    "http://www.w3.org/TR/xhtml1/DTD/xhtml1-transitional.dtd">
<html xmlns="http://www.w3.org/1999/xhtml" xml:lang="en" lang="en">
 <head>
  <title>
</title>
<meta http-equiv="Content-Type" content="text/html;charset=utf-8" />
  <meta name='ocr-system' content='tesseract 3.04.00' />
  <meta name='ocr-capabilities' content='ocr_page ocr_carea ocr_par ocr_line ocrx_word'/>
</head>
<body>
  <div class='ocr_page' id='page_1' title='image "./ioanniscalvinii04tholgoog_0073.png"; bbox 0 0 2862 4888; ppageno 0'>
   <div class='ocr_carea' id='block_1_1' title="bbox 186 287 893 348">
    <p class='ocr_par' dir='ltr' id='par_1_1' title="bbox 186 287 893 348">
     <span class='ocr_line' id='line_1_1' title="bbox 186 287 893 348; baseline -0.008 -12"><span class='ocrx_word' id='word_1_1' title='bbox 186 288 223 348; x_wconf 76' lang='lat' dir='ltr'><strong>sa</strong></span> <span class='ocrx_word' id='word_1_2' title='bbox 275 341 276 346; x_wconf 6' lang='grc' dir='ltr'>ἵ</span> <span class='ocrx_word' id='word_1_3' title='bbox 605 287 893 332; x_wconf 69' lang='lat' dir='ltr'><strong>senenses</strong></span> 
     </span>
    </p>
   </div>
   <div class='ocr_carea' id='block_1_2' title="bbox 187 375 1326 606">
    <p class='ocr_par' dir='ltr' id='par_1_2' title="bbox 187 375 1326 606">
     <span class='ocr_line' id='line_1_2' title="bbox 187 375 1326 500; baseline -0.004 -20"><span class='ocrx_word' id='word_1_4' title='bbox 187 407 309 490; x_wconf 41' lang='lat' dir='ltr'><strong>salerne,</strong></span> <span class='ocrx_word' id='word_1_5' title='bbox 329 417 362 478; x_wconf 87' lang='lat' dir='ltr'><strong>et</strong></span> <span class='ocrx_word' id='word_1_6' title='bbox 382 429 448 476; x_wconf 91' lang='lat' dir='ltr'><strong>non</strong></span> <span class='ocrx_word' id='word_1_7' title='bbox 477 407 535 476; x_wconf 87' lang='lat' dir='ltr'><strong>luit</strong></span> <span class='ocrx_word' id='word_1_8' title='bbox 559 405 723 500; x_wconf 77' lang='lat' dir='ltr'><strong>sepeliens</strong></span> <span class='ocrx_word' id='word_1_9' title='bbox 767 401 799 476; x_wconf 82' lang='grc'><strong>4.</strong></span> <span class='ocrx_word' id='word_1_10' title='bbox 821 405 955 474; x_wconf 74' lang='lat' dir='ltr'><strong>Fuimus</strong></span> <span class='ocrx_word' id='word_1_11' title='bbox 981 375 1187 500; x_wconf 71' lang='lat' dir='ltr'><strong>opprobrium</strong></span> <span class='ocrx_word' id='word_1_12' title='bbox 1206 405 1326 483; x_wconf 78' lang='lat' dir='ltr'><strong>ricinis</strong></span> 
     </span>
     <span class='ocr_line' id='line_1_3' title="bbox 187 511 1297 606; baseline -0.001 -23"><span class='ocrx_word' id='word_1_13' title='bbox 187 514 313 600; x_wconf 86' lang='lat' dir='ltr'><strong>nostris,</strong></span> <span class='ocrx_word' id='word_1_14' title='bbox 335 511 536 591; x_wconf 77' lang='lat' dir='ltr'><strong>subsannatio</strong></span> <span class='ocrx_word' id='word_1_15' title='bbox 558 521 591 581; x_wconf 86' lang='lat' dir='ltr'><strong>et</strong></span> <span class='ocrx_word' id='word_1_16' title='bbox 612 511 724 582; x_wconf 87' lang='lat' dir='ltr'><strong>derisio</strong></span> <span class='ocrx_word' id='word_1_17' title='bbox 746 513 785 582; x_wconf 92' lang='lat' dir='ltr'><strong>iis</strong></span> <span class='ocrx_word' id='word_1_18' title='bbox 806 512 862 606; x_wconf 88' lang='lat' dir='ltr'><strong>qui</strong></span> <span class='ocrx_word' id='word_1_19' title='bbox 882 511 916 580; x_wconf 89' lang='lat' dir='ltr'><strong>in</strong></span> <span class='ocrx_word' id='word_1_20' title='bbox 932 511 1063 583; x_wconf 87' lang='lat' dir='ltr'><strong>circuitu</strong></span> <span class='ocrx_word' id='word_1_21' title='bbox 1078 522 1188 582; x_wconf 85' lang='lat' dir='ltr'><strong>nostro</strong></span> <span class='ocrx_word' id='word_1_22' title='bbox 1211 521 1297 582; x_wconf 81' lang='lat' dir='ltr'><strong>sunt.</strong></span> 
     </span>
    </p>
   </div>
   <div class='ocr_carea' id='block_1_3' title="bbox 174 683 1334 960">
    <p class='ocr_par' dir='ltr' id='par_1_3' title="bbox 174 683 1334 960">
     <span class='ocr_line' id='line_1_4' title="bbox 268 683 1334 797; baseline -0.004 -13"><span class='ocrx_word' id='word_1_23' title='bbox 268 721 295 784; x_wconf 78' lang='lat'><strong>1·</strong></span> <span class='ocrx_word' id='word_1_24' title='bbox 316 722 409 797; x_wconf 77' lang='lat' dir='ltr'><strong>Deus,</strong></span> <span class='ocrx_word' id='word_1_25' title='bbox 431 725 579 780; x_wconf 73' lang='lat' dir='ltr'><strong>omnent.</strong></span> <span class='ocrx_word' id='word_1_26' title='bbox 597 711 602 724; x_wconf 83' lang='grc'><strong>”</strong></span> <span class='ocrx_word' id='word_1_27' title='bbox 623 717 753 780; x_wconf 86' lang='lat' dir='ltr'><strong>Psalmus</strong></span> <span class='ocrx_word' id='word_1_28' title='bbox 777 717 826 782; x_wconf 85' lang='lat' dir='ltr'><strong>hic</strong></span> <span class='ocrx_word' id='word_1_29' title='bbox 849 719 923 782; x_wconf 87' lang='lat' dir='ltr'><strong>iuter</strong></span> <span class='ocrx_word' id='word_1_30' title='bbox 946 717 1019 781; x_wconf 88' lang='lat' dir='ltr'><strong>alios</strong></span> <span class='ocrx_word' id='word_1_31' title='bbox 1035 711 1119 780; x_wconf 78' lang='lat' dir='ltr'><strong>&#39;clare</strong></span> <span class='ocrx_word' id='word_1_32' title='bbox 1141 719 1266 781; x_wconf 83' lang='lat' dir='ltr'><strong>ostendit</strong></span> <span class='ocrx_word' id='word_1_33' title='bbox 1289 683 1334 780; x_wconf 28' lang='lat' dir='ltr'><strong>aa*</strong></span> 
     </span>
     <span class='ocr_line' id='line_1_5' title="bbox 174 794 1323 880; baseline -0.002 -18"><span class='ocrx_word' id='word_1_34' title='bbox 174 797 274 880; x_wconf 80' lang='lat' dir='ltr'><strong>&#39;longe</strong></span> <span class='ocrx_word' id='word_1_35' title='bbox 298 805 364 880; x_wconf 87' lang='lat' dir='ltr'><strong>post</strong></span> <span class='ocrx_word' id='word_1_36' title='bbox 388 806 509 861; x_wconf 89' lang='lat' dir='ltr'><strong>mortem</strong></span> <span class='ocrx_word' id='word_1_37' title='bbox 529 795 648 859; x_wconf 85' lang='lat' dir='ltr'><strong>Davidis</strong></span> <span class='ocrx_word' id='word_1_38' title='bbox 673 799 759 860; x_wconf 89' lang='lat' dir='ltr'><strong>luisse</strong></span> <span class='ocrx_word' id='word_1_39' title='bbox 782 800 982 880; x_wconf 80' lang='lat' dir='ltr'><strong>compositum.</strong></span> <span class='ocrx_word' id='word_1_40' title='bbox 1014 794 1112 877; x_wconf 78' lang='lat' dir='ltr'><strong>¹Quod</strong></span> <span class='ocrx_word' id='word_1_41' title='bbox 1138 800 1215 860; x_wconf 88' lang='lat' dir='ltr'><strong>euim</strong></span> <span class='ocrx_word' id='word_1_42' title='bbox 1234 816 1323 860; x_wconf 69' lang='lat' dir='ltr'><strong>emu-</strong></span> 
     </span>
     <span class='ocr_line' id='line_1_6' title="bbox 189 875 1323 960; baseline -0.001 -19"><span class='ocrx_word' id='word_1_43' title='bbox 189 887 254 941; x_wconf 88' lang='lat' dir='ltr'><strong>sant</strong></span> <span class='ocrx_word' id='word_1_44' title='bbox 277 879 406 960; x_wconf 90' lang='lat' dir='ltr'><strong>quidam,</strong></span> <span class='ocrx_word' id='word_1_45' title='bbox 425 876 535 959; x_wconf 80' lang='lat' dir='ltr'><strong>Spiritu</strong></span> <span class='ocrx_word' id='word_1_46' title='bbox 559 877 730 958; x_wconf 88' lang='lat' dir='ltr'><strong>Prophetieo</strong></span> <span class='ocrx_word' id='word_1_47' title='bbox 755 878 913 959; x_wconf 79' lang='lat' dir='ltr'><strong>praedictas</strong></span> <span class='ocrx_word' id='word_1_48' title='bbox 936 877 1023 938; x_wconf 85' lang='lat' dir='ltr'><strong>luisse</strong></span> <span class='ocrx_word' id='word_1_49' title='bbox 1048 875 1191 948; x_wconf 76' lang='lat' dir='ltr'><strong>Ecclesiae</strong></span> <span class='ocrx_word' id='word_1_50' title='bbox 1215 877 1323 952; x_wconf 91' lang='lat' dir='ltr'><strong>clades,</strong></span> 
     </span>
    </p>
   </div>
   <div class='ocr_carea' id='block_1_4' title="bbox 102 956 1323 1038">
    <p class='ocr_par' dir='ltr' id='par_1_4' title="bbox 102 956 1323 1038">
     <span class='ocr_line' id='line_1_7' title="bbox 102 956 1323 1038; baseline 0 -20"><span class='ocrx_word' id='word_1_51' title='bbox 102 999 106 1018; x_wconf 74' lang='grc'>.</span> <span class='ocrx_word' id='word_1_52' title='bbox 161 979 164 990; x_wconf 81' lang='grc'><em>’</em></span> <span class='ocrx_word' id='word_1_53' title='bbox 189 967 224 1024; x_wconf 89' lang='lat' dir='ltr'><strong>ut</strong></span> <span class='ocrx_word' id='word_1_54' title='bbox 243 962 435 1019; x_wconf 71' lang='lat' dir='ltr'><strong>animarentur</strong></span> <span class='ocrx_word' id='word_1_55' title='bbox 454 958 560 1038; x_wconf 83' lang='lat' dir='ltr'><strong>posteri</strong></span> <span class='ocrx_word' id='word_1_56' title='bbox 579 958 616 1016; x_wconf 89' lang='lat' dir='ltr'><strong>ad</strong></span> <span class='ocrx_word' id='word_1_57' title='bbox 635 977 749 1030; x_wconf 77' lang='lat' dir='ltr'><strong>crucem</strong></span> <span class='ocrx_word' id='word_1_58' title='bbox 770 957 955 1033; x_wconf 87' lang='lat' dir='ltr'><strong>tolerandam,</strong></span> <span class='ocrx_word' id='word_1_59' title='bbox 976 959 1086 1018; x_wconf 86' lang='lat' dir='ltr'><strong>ratione</strong></span> <span class='ocrx_word' id='word_1_60' title='bbox 1104 963 1190 1018; x_wconf 83' lang='lat' dir='ltr'><strong>earet.</strong></span> <span class='ocrx_word' id='word_1_61' title='bbox 1218 956 1323 1038; x_wconf 80' lang='lat' dir='ltr'><strong>Neque</strong></span> 
     </span>
    </p>
   </div>
   <div class='ocr_carea' id='block_1_5' title="bbox 188 1033 1327 3657">
    <p class='ocr_par' dir='ltr' id='par_1_5' title="bbox 188 1033 1327 3657">
     <span class='ocr_line' id='line_1_8' title="bbox 188 1033 1321 1117; baseline -0.004 -17"><span class='ocrx_word' id='word_1_62' title='bbox 188 1039 267 1102; x_wconf 87' lang='lat' dir='ltr'><strong>enim</strong></span> <span class='ocrx_word' id='word_1_63' title='bbox 285 1039 325 1098; x_wconf 93' lang='lat' dir='ltr'><strong>ita</strong></span> <span class='ocrx_word' id='word_1_64' title='bbox 344 1038 374 1097; x_wconf 91' lang='lat' dir='ltr'><strong>in</strong></span> <span class='ocrx_word' id='word_1_65' title='bbox 394 1036 452 1096; x_wconf 87' lang='lat' dir='ltr'><strong>suis</strong></span> <span class='ocrx_word' id='word_1_66' title='bbox 471 1038 608 1096; x_wconf 87' lang='lat' dir='ltr'><strong>vaticiniis</strong></span> <span class='ocrx_word' id='word_1_67' title='bbox 627 1035 760 1097; x_wconf 80' lang='lat' dir='ltr'><strong>historice</strong></span> <span class='ocrx_word' id='word_1_68' title='bbox 778 1036 806 1096; x_wconf 90' lang='lat' dir='ltr'><strong>lo</strong></span> <span class='ocrx_word' id='word_1_69' title='bbox 829 1039 857 1098; x_wconf 86' lang='lat' dir='ltr'><strong>ni</strong></span> <span class='ocrx_word' id='word_1_70' title='bbox 876 1035 1037 1116; x_wconf 71' lang='lat' dir='ltr'><strong>Prophetae</strong></span> <span class='ocrx_word' id='word_1_71' title='bbox 1056 1035 1157 1096; x_wconf 86' lang='lat' dir='ltr'><strong>solent.</strong></span> <span class='ocrx_word' id='word_1_72' title='bbox 1186 1033 1225 1096; x_wconf 84' lang='lat' dir='ltr'><strong>Et</strong></span> <span class='ocrx_word' id='word_1_73' title='bbox 1243 1038 1321 1117; x_wconf 82' lang='lat' dir='ltr'><strong>quia·</strong></span> 
     </span>
     <span class='ocr_line' id='line_1_9' title="bbox 210 1058 1324 1197; baseline -0.002 -19"><span class='ocrx_word' id='word_1_74' title='bbox 210 1120 255 1178; x_wconf 89' lang='lat' dir='ltr'><strong>uis</strong></span> <span class='ocrx_word' id='word_1_75' title='bbox 278 1117 387 1196; x_wconf 85' lang='lat' dir='ltr'><strong>integro</strong></span> <span class='ocrx_word' id='word_1_76' title='bbox 412 1115 515 1176; x_wconf 91' lang='lat' dir='ltr'><strong>iudicio</strong></span> <span class='ocrx_word' id='word_1_77' title='bbox 534 1123 701 1176; x_wconf 80' lang='lat' dir='ltr'><strong>contextum</strong></span> <span class='ocrx_word' id='word_1_78' title='bbox 720 1058 876 1197; x_wconf 50' lang='lat' dir='ltr'><strong>expendet,</strong></span> <span class='ocrx_word' id='word_1_79' title='bbox 969 1134 1001 1176; x_wconf 89' lang='lat' dir='ltr'><strong>se</strong></span> <span class='ocrx_word' id='word_1_80' title='bbox 1021 1115 1102 1176; x_wconf 89' lang='lat' dir='ltr'><strong>lacile</strong></span> <span class='ocrx_word' id='word_1_81' title='bbox 1126 1114 1233 1176; x_wconf 84' lang='lat' dir='ltr'><strong>videbit</strong></span> <span class='ocrx_word' id='word_1_82' title='bbox 1250 1123 1324 1176; x_wconf 84' lang='lat' dir='ltr'><strong>haue</strong></span> 
     </span>
     <span class='ocr_line' id='line_1_10' title="bbox 189 1139 1324 1276; baseline -0.005 -14"><span class='ocrx_word' id='word_1_83' title='bbox 189 1139 278 1262; x_wconf 49' lang='lat' dir='ltr'><strong>luisse</strong></span> <span class='ocrx_word' id='word_1_84' title='bbox 297 1196 486 1276; x_wconf 86' lang='lat' dir='ltr'><strong>compositum</strong></span> <span class='ocrx_word' id='word_1_85' title='bbox 505 1194 620 1276; x_wconf 87' lang='lat' dir='ltr'><strong>quando</strong></span> <span class='ocrx_word' id='word_1_86' title='bbox 640 1195 686 1254; x_wconf 89' lang='lat' dir='ltr'><strong>vel</strong></span> <span class='ocrx_word' id='word_1_87' title='bbox 705 1201 807 1256; x_wconf 85' lang='lat' dir='ltr'><strong>exusto</strong></span> <span class='ocrx_word' id='word_1_88' title='bbox 826 1201 883 1256; x_wconf 93' lang='lat' dir='ltr'><strong>tam</strong></span> <span class='ocrx_word' id='word_1_89' title='bbox 916 1215 943 1268; x_wconf 93' lang='lat' dir='ltr'><strong>o,</strong></span> <span class='ocrx_word' id='word_1_90' title='bbox 962 1199 993 1254; x_wconf 89' lang='lat' dir='ltr'><strong>et</strong></span> <span class='ocrx_word' id='word_1_91' title='bbox 1012 1193 1081 1256; x_wconf 88' lang='lat' dir='ltr'><strong>urbe</strong></span> <span class='ocrx_word' id='word_1_92' title='bbox 1099 1214 1199 1260; x_wconf 80' lang='lat' dir='ltr'><strong>eversa</strong></span> <span class='ocrx_word' id='word_1_93' title='bbox 1218 1193 1324 1256; x_wconf 75' lang='lat' dir='ltr'><strong>abhe-</strong></span> 
     </span>
     <span class='ocr_line' id='line_1_11' title="bbox 189 1217 1323 1355; baseline -0.004 -17"><span class='ocrx_word' id='word_1_94' title='bbox 189 1277 285 1354; x_wconf 88' lang='lat' dir='ltr'><strong>syriis,</strong></span> <span class='ocrx_word' id='word_1_95' title='bbox 304 1281 412 1336; x_wconf 71' lang='lat' dir='ltr'><strong>hactus</strong></span> <span class='ocrx_word' id='word_1_96' title='bbox 431 1274 486 1336; x_wconf 88' lang='lat' dir='ltr'><strong>luit</strong></span> <span class='ocrx_word' id='word_1_97' title='bbox 505 1275 534 1336; x_wconf 93' lang='lat' dir='ltr'><strong>in</strong></span> <span class='ocrx_word' id='word_1_98' title='bbox 554 1276 670 1336; x_wconf 85' lang='lat' dir='ltr'><strong>exilium</strong></span> <span class='ocrx_word' id='word_1_99' title='bbox 697 1275 834 1355; x_wconf 81' lang='lat' dir='ltr'><strong>populus:</strong></span> <span class='ocrx_word' id='word_1_100' title='bbox 854 1217 903 1334; x_wconf 61' lang='lat' dir='ltr'><strong>vel</strong></span> <span class='ocrx_word' id='word_1_101' title='bbox 943 1293 1012 1336; x_wconf 87' lang='lat' dir='ltr'><strong>uum</strong></span> <span class='ocrx_word' id='word_1_102' title='bbox 1031 1272 1067 1333; x_wconf 92' lang='lat' dir='ltr'><strong>ab</strong></span> <span class='ocrx_word' id='word_1_103' title='bbox 1084 1273 1230 1334; x_wconf 83' lang='lat' dir='ltr'><strong>Antiocho</strong></span> <span class='ocrx_word' id='word_1_104' title='bbox 1249 1279 1323 1334; x_wconf 87' lang='lat' dir='ltr'><strong>tem-</strong></span> 
     </span>
     <span class='ocr_line' id='line_1_12' title="bbox 189 1294 1322 1438; baseline -0.002 -22"><span class='ocrx_word' id='word_1_105' title='bbox 189 1357 271 1438; x_wconf 86' lang='lat' dir='ltr'><strong>plum</strong></span> <span class='ocrx_word' id='word_1_106' title='bbox 289 1353 345 1416; x_wconf 83' lang='lat' dir='ltr'><strong>fuit</strong></span> <span class='ocrx_word' id='word_1_107' title='bbox 364 1354 505 1436; x_wconf 88' lang='lat' dir='ltr'><strong>pollutum</strong></span> <span class='ocrx_word' id='word_1_108' title='bbox 523 1353 620 1414; x_wconf 87' lang='lat' dir='ltr'><strong>multis</strong></span> <span class='ocrx_word' id='word_1_109' title='bbox 640 1354 779 1433; x_wconf 75' lang='lat' dir='ltr'><strong>stragibus</strong></span> <span class='ocrx_word' id='word_1_110' title='bbox 798 1353 888 1414; x_wconf 86' lang='lat' dir='ltr'><strong>editis.</strong></span> <span class='ocrx_word' id='word_1_111' title='bbox 922 1294 997 1432; x_wconf 53' lang='lat' dir='ltr'><strong>llam</strong></span> <span class='ocrx_word' id='word_1_112' title='bbox 1016 1353 1054 1412; x_wconf 91' lang='lat' dir='ltr'><strong>ad</strong></span> <span class='ocrx_word' id='word_1_113' title='bbox 1072 1360 1227 1434; x_wconf 87' lang='lat' dir='ltr'><strong>utrumque</strong></span> <span class='ocrx_word' id='word_1_114' title='bbox 1245 1359 1322 1414; x_wconf 87' lang='lat' dir='ltr'><strong>tem-</strong></span> 
     </span>
     <span class='ocr_line' id='line_1_13' title="bbox 189 1431 1322 1575; baseline -0.002 -81"><span class='ocrx_word' id='word_1_115' title='bbox 189 1455 246 1575; x_wconf 61' lang='lat' dir='ltr'><strong>ppp</strong></span> <span class='ocrx_word' id='word_1_116' title='bbox 265 1434 590 1574; x_wconf 62' lang='lat' dir='ltr'><strong>argpmenturpsrpptirpe</strong></span> <span class='ocrx_word' id='word_1_117' title='bbox 609 1433 739 1547; x_wconf 41' lang='lat' dir='ltr'><strong>quadrat..</strong></span> <span class='ocrx_word' id='word_1_118' title='bbox 778 1431 933 1494; x_wconf 85' lang='lat' dir='ltr'><strong>Sumamus</strong></span> <span class='ocrx_word' id='word_1_119' title='bbox 951 1433 1038 1514; x_wconf 87' lang='lat' dir='ltr'><strong>igitur</strong></span> <span class='ocrx_word' id='word_1_120' title='bbox 1057 1433 1258 1572; x_wconf 63' lang='lat' dir='ltr'><strong>pppdcoplcsso</strong></span> <span class='ocrx_word' id='word_1_121' title='bbox 1279 1433 1322 1574; x_wconf 51' lang='lat' dir='ltr'><strong>did·</strong></span> 
     </span>
     <span class='ocr_line' id='line_1_14' title="bbox 190 1531 1321 1672; baseline -0.002 -18"><span class='ocrx_word' id='word_1_122' title='bbox 190 1532 899 1672; x_wconf 57' lang='lat' dir='ltr'><strong>latta“battalattztttttutffl</strong></span> <span class='ocrx_word' id='word_1_123' title='bbox 918 1532 936 1572; x_wconf 89' lang='lat'>⁰</span> <span class='ocrx_word' id='word_1_124' title='bbox 957 1531 1098 1652; x_wconf 55' lang='lat' dir='ltr'><strong>tlte</strong></span> <span class='ocrx_word' id='word_1_125' title='bbox 1131 1531 1321 1652; x_wconf 47' lang='lat' dir='ltr'><strong>tutta.</strong></span> 
     </span>
     <span class='ocr_line' id='line_1_15' title="bbox 192 1612 1322 1754; baseline -0.005 -18"><span class='ocrx_word' id='word_1_126' title='bbox 192 1673 259 1736; x_wconf 85' lang='lat' dir='ltr'><strong>liter</strong></span> <span class='ocrx_word' id='word_1_127' title='bbox 276 1673 427 1734; x_wconf 85' lang='lat' dir='ltr'><strong>saevierint</strong></span> <span class='ocrx_word' id='word_1_128' title='bbox 445 1669 564 1750; x_wconf 79' lang='lat' dir='ltr'><strong>Assyrii.</strong></span> <span class='ocrx_word' id='word_1_129' title='bbox 604 1669 642 1730; x_wconf 88' lang='lat' dir='ltr'><strong>Et</strong></span> <span class='ocrx_word' id='word_1_130' title='bbox 661 1672 748 1752; x_wconf 90' lang='lat' dir='ltr'><strong>siquis</strong></span> <span class='ocrx_word' id='word_1_131' title='bbox 768 1692 821 1750; x_wconf 88' lang='lat' dir='ltr'><strong>pro</strong></span> <span class='ocrx_word' id='word_1_132' title='bbox 840 1669 992 1734; x_wconf 86' lang='lat' dir='ltr'><strong>asserendo</strong></span> <span class='ocrx_word' id='word_1_133' title='bbox 1011 1669 1067 1738; x_wconf 82' lang='lat' dir='ltr'><strong>Dei</strong></span> <span class='ocrx_word' id='word_1_134' title='bbox 1079 1612 1173 1748; x_wconf 44' lang='lat' dir='ltr'><strong>¹estrltu</strong></span> <span class='ocrx_word' id='word_1_135' title='bbox 1195 1668 1249 1754; x_wconf 83' lang='lat' dir='ltr'><strong>auh</strong></span> <span class='ocrx_word' id='word_1_136' title='bbox 1274 1678 1322 1750; x_wconf 84' lang='lat' dir='ltr'><strong>ty·</strong></span> 
     </span>
     <span class='ocr_line' id='line_1_16' title="bbox 194 1749 1323 1832; baseline -0.004 -20"><span class='ocrx_word' id='word_1_137' title='bbox 194 1751 312 1812; x_wconf 82' lang='lat' dir='ltr'><strong>renuide</strong></span> <span class='ocrx_word' id='word_1_138' title='bbox 325 1749 460 1814; x_wconf 80' lang='lat' dir='ltr'><strong>Antiochi</strong></span> <span class='ocrx_word' id='word_1_139' title='bbox 470 1751 574 1810; x_wconf 89' lang='lat' dir='ltr'><strong>mutire</strong></span> <span class='ocrx_word' id='word_1_140' title='bbox 593 1753 796 1824; x_wconf 84' lang='lat' dir='ltr'><strong>aususl&#39;uisset,</strong></span> <span class='ocrx_word' id='word_1_141' title='bbox 814 1751 943 1832; x_wconf 89' lang='lat' dir='ltr'><strong>iugulum</strong></span> <span class='ocrx_word' id='word_1_142' title='bbox 958 1751 1223 1812; x_wconf 86' lang='lat' dir='ltr'><strong>mactationiatatim</strong></span> <span class='ocrx_word' id='word_1_143' title='bbox 1242 1768 1323 1831; x_wconf 86' lang='lat' dir='ltr'><strong>prac-</strong></span> 
     </span>
     <span class='ocr_line' id='line_1_17' title="bbox 192 1827 1324 1911; baseline -0.003 -18"><span class='ocrx_word' id='word_1_144' title='bbox 192 1829 261 1893; x_wconf 89' lang='lat' dir='ltr'><strong>here</strong></span> <span class='ocrx_word' id='word_1_145' title='bbox 285 1850 400 1891; x_wconf 89' lang='lat' dir='ltr'><strong>necesse</strong></span> <span class='ocrx_word' id='word_1_146' title='bbox 425 1837 495 1890; x_wconf 88' lang='lat' dir='ltr'><strong>erat.</strong></span> <span class='ocrx_word' id='word_1_147' title='bbox 535 1827 632 1890; x_wconf 92' lang='lat' dir='ltr'><strong>Primo</strong></span> <span class='ocrx_word' id='word_1_148' title='bbox 662 1837 758 1890; x_wconf 86' lang='lat' dir='ltr'><strong>autem</strong></span> <span class='ocrx_word' id='word_1_149' title='bbox 782 1831 813 1890; x_wconf 90' lang='lat' dir='ltr'><strong>iu</strong></span> <span class='ocrx_word' id='word_1_150' title='bbox 837 1848 960 1911; x_wconf 86' lang='lat' dir='ltr'><strong>persona</strong></span> <span class='ocrx_word' id='word_1_151' title='bbox 987 1829 1114 1890; x_wconf 87' lang='lat' dir='ltr'><strong>fidelium</strong></span> <span class='ocrx_word' id='word_1_152' title='bbox 1137 1830 1324 1909; x_wconf 78' lang='lat' dir='ltr'><strong>conqueritur</strong></span> 
     </span>
     <span class='ocr_line' id='line_1_18' title="bbox 192 1906 1322 1991; baseline -0.004 -19"><span class='ocrx_word' id='word_1_153' title='bbox 192 1907 339 1991; x_wconf 86' lang='lat' dir='ltr'><strong>Propheta</strong></span> <span class='ocrx_word' id='word_1_154' title='bbox 358 1909 393 1970; x_wconf 88' lang='lat' dir='ltr'><strong>de</strong></span> <span class='ocrx_word' id='word_1_155' title='bbox 413 1909 519 1990; x_wconf 86' lang='lat' dir='ltr'><strong>templo</strong></span> <span class='ocrx_word' id='word_1_156' title='bbox 531 1910 650 1990; x_wconf 89' lang='lat' dir='ltr'><strong>polluto,</strong></span> <span class='ocrx_word' id='word_1_157' title='bbox 669 1915 698 1969; x_wconf 91' lang='lat' dir='ltr'><strong>et</strong></span> <span class='ocrx_word' id='word_1_158' title='bbox 718 1909 859 1970; x_wconf 87' lang='lat' dir='ltr'><strong>destructa</strong></span> <span class='ocrx_word' id='word_1_159' title='bbox 879 1906 963 1970; x_wconf 82' lang='lat' dir='ltr'><strong>urhe:</strong></span> <span class='ocrx_word' id='word_1_160' title='bbox 980 1908 1215 1970; x_wconf 86' lang='lat' dir='ltr'><strong>deindesecundo</strong></span> <span class='ocrx_word' id='word_1_161' title='bbox 1235 1928 1322 1970; x_wconf 88' lang='lat' dir='ltr'><strong>versu</strong></span> 
     </span>
     <span class='ocr_line' id='line_1_19' title="bbox 192 1987 1323 2080; baseline -0.004 -28"><span class='ocrx_word' id='word_1_162' title='bbox 192 1996 223 2052; x_wconf 84' lang='lat' dir='ltr'><strong>et</strong></span> <span class='ocrx_word' id='word_1_163' title='bbox 245 1990 345 2064; x_wconf 87' lang='lat' dir='ltr'><strong>tertio,</strong></span> <span class='ocrx_word' id='word_1_164' title='bbox 367 1989 480 2050; x_wconf 86' lang='lat' dir='ltr'><strong>sanctos</strong></span> <span class='ocrx_word' id='word_1_165' title='bbox 504 1991 664 2068; x_wconf 88' lang='lat' dir='ltr'><strong>promiscue</strong></span> <span class='ocrx_word' id='word_1_166' title='bbox 688 1987 775 2048; x_wconf 82' lang='lat' dir='ltr'><strong>luisse</strong></span> <span class='ocrx_word' id='word_1_167' title='bbox 798 2007 909 2062; x_wconf 88' lang='lat' dir='ltr'><strong>caesos,</strong></span> <span class='ocrx_word' id='word_1_168' title='bbox 932 1994 962 2050; x_wconf 86' lang='lat' dir='ltr'><strong>et</strong></span> <span class='ocrx_word' id='word_1_169' title='bbox 986 1989 1052 2071; x_wconf 25' lang='lat' dir='ltr'><strong>siue,</strong></span> <span class='ocrx_word' id='word_1_170' title='bbox 1069 1987 1178 2048; x_wconf 90' lang='lat' dir='ltr'><strong>honore</strong></span> <span class='ocrx_word' id='word_1_171' title='bbox 1196 1988 1323 2080; x_wconf 80' lang='lat' dir='ltr'><strong>sepulcri</strong></span> 
     </span>
     <span class='ocr_line' id='line_1_20' title="bbox 193 2066 1323 2150; baseline -0.004 -20"><span class='ocrx_word' id='word_1_172' title='bbox 193 2071 319 2150; x_wconf 85' lang='lat' dir='ltr'><strong>proiecta</strong></span> <span class='ocrx_word' id='word_1_173' title='bbox 337 2088 438 2130; x_wconf 89' lang='lat' dir='ltr'><strong>eorum</strong></span> <span class='ocrx_word' id='word_1_174' title='bbox 457 2069 603 2129; x_wconf 84' lang='lat' dir='ltr'><strong>cadavera.</strong></span> <span class='ocrx_word' id='word_1_175' title='bbox 632 2067 751 2147; x_wconf 77' lang='lat' dir='ltr'><strong>Singula</strong></span> <span class='ocrx_word' id='word_1_176' title='bbox 770 2075 865 2128; x_wconf 86' lang='lat' dir='ltr'><strong>autam</strong></span> <span class='ocrx_word' id='word_1_177' title='bbox 884 2068 944 2128; x_wconf 82' lang='lat' dir='ltr'><strong>fere</strong></span> <span class='ocrx_word' id='word_1_178' title='bbox 963 2066 1047 2127; x_wconf 86' lang='lat' dir='ltr'><strong>verba</strong></span> <span class='ocrx_word' id='word_1_179' title='bbox 1057 2067 1251 2147; x_wconf 83' lang='lat' dir='ltr'><strong>indignitatem</strong></span> <span class='ocrx_word' id='word_1_180' title='bbox 1270 2086 1323 2126; x_wconf 84' lang='lat' dir='ltr'><strong>ex·</strong></span> 
     </span>
     <span class='ocr_line' id='line_1_21' title="bbox 192 2143 1322 2230; baseline -0.004 -22"><span class='ocrx_word' id='word_1_181' title='bbox 192 2149 330 2230; x_wconf 86' lang='lat' dir='ltr'><strong>primunt.</strong></span> <span class='ocrx_word' id='word_1_182' title='bbox 374 2147 448 2210; x_wconf 88' lang='lat' dir='ltr'><strong>Nanr</strong></span> <span class='ocrx_word' id='word_1_183' title='bbox 472 2167 562 2229; x_wconf 86' lang='lat' dir='ltr'><strong>quum</strong></span> <span class='ocrx_word' id='word_1_184' title='bbox 586 2143 691 2207; x_wconf 83' lang='lat' dir='ltr'><strong>terram</strong></span> <span class='ocrx_word' id='word_1_185' title='bbox 716 2147 794 2210; x_wconf 87' lang='lat' dir='ltr'><strong>illam</strong></span> <span class='ocrx_word' id='word_1_186' title='bbox 823 2153 996 2227; x_wconf 77' lang='lat' dir='ltr'><strong>segregasset</strong></span> <span class='ocrx_word' id='word_1_187' title='bbox 1020 2145 1100 2206; x_wconf 89' lang='lat' dir='ltr'><strong>Deus</strong></span> <span class='ocrx_word' id='word_1_188' title='bbox 1125 2145 1235 2227; x_wconf 89' lang='lat' dir='ltr'><strong>populo</strong></span> <span class='ocrx_word' id='word_1_189' title='bbox 1258 2163 1322 2222; x_wconf 88' lang='lat' dir='ltr'><strong>suo,</strong></span> 
     </span>
     <span class='ocr_line' id='line_1_22' title="bbox 192 2223 1324 2321; baseline 0 -35"><span class='ocrx_word' id='word_1_190' title='bbox 192 2228 320 2309; x_wconf 79' lang='lat' dir='ltr'><strong>profanis</strong></span> <span class='ocrx_word' id='word_1_191' title='bbox 339 2227 478 2321; x_wconf 85' lang='lat' dir='ltr'><strong>gentihus,</strong></span> <span class='ocrx_word' id='word_1_192' title='bbox 498 2233 531 2286; x_wconf 85' lang='lat' dir='ltr'><strong>ut</strong></span> <span class='ocrx_word' id='word_1_193' title='bbox 549 2245 612 2288; x_wconf 88' lang='lat' dir='ltr'><strong>eam</strong></span> <span class='ocrx_word' id='word_1_194' title='bbox 627 2227 830 2288; x_wconf 85' lang='lat' dir='ltr'><strong>contumeliose</strong></span> <span class='ocrx_word' id='word_1_195' title='bbox 845 2227 993 2302; x_wconf 84' lang='lat' dir='ltr'><strong>calcarent,</strong></span> <span class='ocrx_word' id='word_1_196' title='bbox 1012 2244 1047 2285; x_wconf 91' lang='lat' dir='ltr'><strong>ac</strong></span> <span class='ocrx_word' id='word_1_197' title='bbox 1065 2245 1119 2305; x_wconf 90' lang='lat' dir='ltr'><strong>pro</strong></span> <span class='ocrx_word' id='word_1_198' title='bbox 1136 2242 1190 2286; x_wconf 84' lang='lat' dir='ltr'><strong>sua</strong></span> <span class='ocrx_word' id='word_1_199' title='bbox 1208 2223 1324 2286; x_wconf 87' lang='lat' dir='ltr'><strong>libidine</strong></span> 
     </span>
     <span class='ocr_line' id='line_1_23' title="bbox 192 2303 1324 2400; baseline -0.004 -32"><span class='ocrx_word' id='word_1_200' title='bbox 192 2313 284 2368; x_wconf 85' lang='lat' dir='ltr'><strong>totam</strong></span> <span class='ocrx_word' id='word_1_201' title='bbox 304 2305 470 2380; x_wconf 81' lang='lat' dir='ltr'><strong>disiicerent,</strong></span> <span class='ocrx_word' id='word_1_202' title='bbox 488 2307 621 2400; x_wconf 88' lang='lat' dir='ltr'><strong>prostitui</strong></span> <span class='ocrx_word' id='word_1_203' title='bbox 640 2307 754 2366; x_wconf 85' lang='lat' dir='ltr'><strong>minime</strong></span> <span class='ocrx_word' id='word_1_204' title='bbox 774 2325 898 2385; x_wconf 88' lang='lat' dir='ltr'><strong>aequum</strong></span> <span class='ocrx_word' id='word_1_205' title='bbox 916 2305 979 2365; x_wconf 83' lang='lat' dir='ltr'><strong>luit.</strong></span> <span class='ocrx_word' id='word_1_206' title='bbox 1008 2303 1085 2385; x_wconf 85' lang='lat' dir='ltr'><strong>Ergo</strong></span> <span class='ocrx_word' id='word_1_207' title='bbox 1105 2305 1185 2394; x_wconf 76' lang='lat' dir='ltr'><strong>quasi</strong></span> <span class='ocrx_word' id='word_1_208' title='bbox 1205 2304 1239 2365; x_wconf 92' lang='lat' dir='ltr'><strong>de</strong></span> <span class='ocrx_word' id='word_1_209' title='bbox 1260 2324 1324 2386; x_wconf 78' lang='lat' dir='ltr'><strong>per·</strong></span> 
     </span>
     <span class='ocr_line' id='line_1_24' title="bbox 193 2383 1323 2528; baseline -0.004 -2"><span class='ocrx_word' id='word_1_210' title='bbox 193 2383 1149 2528; x_wconf 53' lang='lat' dir='ltr'><strong>littattffirttltettttttpttlt’satitstlat</strong></span> <span class='ocrx_word' id='word_1_211' title='bbox 1168 2384 1266 2524; x_wconf 57' lang='lat' dir='ltr'><strong>ibim</strong></span> <span class='ocrx_word' id='word_1_212' title='bbox 1290 2385 1323 2524; x_wconf 73' lang='lat' dir='ltr'><strong>{i</strong></span> 
     </span>
     <span class='ocr_line' id='line_1_25' title="bbox 193 2483 1324 2624; baseline -0.003 -17"><span class='ocrx_word' id='word_1_213' title='bbox 193 2546 288 2608; x_wconf 88' lang='lat' dir='ltr'><strong>minus</strong></span> <span class='ocrx_word' id='word_1_214' title='bbox 311 2543 366 2606; x_wconf 83' lang='lat' dir='ltr'><strong>fuit</strong></span> <span class='ocrx_word' id='word_1_215' title='bbox 389 2542 557 2616; x_wconf 84' lang='lat' dir='ltr'><strong>tolerabilis,</strong></span> <span class='ocrx_word' id='word_1_216' title='bbox 580 2487 648 2624; x_wconf 51' lang='lat' dir='ltr'><strong>guia</strong></span> <span class='ocrx_word' id='word_1_217' title='bbox 673 2543 730 2604; x_wconf 91' lang='lat' dir='ltr'><strong>hoc</strong></span> <span class='ocrx_word' id='word_1_218' title='bbox 752 2543 838 2603; x_wconf 91' lang='lat' dir='ltr'><strong>modo</strong></span> <span class='ocrx_word' id='word_1_219' title='bbox 862 2485 1080 2624; x_wconf 65' lang='lat' dir='ltr'><strong>bxtingquehatur</strong></span> <span class='ocrx_word' id='word_1_220' title='bbox 1099 2541 1155 2604; x_wconf 91' lang='lat' dir='ltr'><strong>Dei</strong></span> <span class='ocrx_word' id='word_1_221' title='bbox 1179 2483 1324 2604; x_wconf 60' lang='lat' dir='ltr'><strong>cultubgid</strong></span> 
     </span>
     <span class='ocr_line' id='line_1_26' title="bbox 194 2621 1324 2704; baseline -0.002 -20"><span class='ocrx_word' id='word_1_222' title='bbox 194 2631 281 2700; x_wconf 88' lang='lat' dir='ltr'><strong>terra,</strong></span> <span class='ocrx_word' id='word_1_223' title='bbox 303 2631 335 2685; x_wconf 81' lang='lat' dir='ltr'><strong>et</strong></span> <span class='ocrx_word' id='word_1_224' title='bbox 357 2621 456 2703; x_wconf 91' lang='lat' dir='ltr'><strong>religio</strong></span> <span class='ocrx_word' id='word_1_225' title='bbox 480 2622 598 2703; x_wconf 87' lang='lat' dir='ltr'><strong>peribat.</strong></span> <span class='ocrx_word' id='word_1_226' title='bbox 622 2623 711 2684; x_wconf 86' lang='lat' dir='ltr'><strong>Addit</strong></span> <span class='ocrx_word' id='word_1_227' title='bbox 735 2625 959 2704; x_wconf 72' lang='lat' dir='ltr'><strong>lerosolymam,</strong></span> <span class='ocrx_word' id='word_1_228' title='bbox 983 2641 1095 2703; x_wconf 86' lang='lat' dir='ltr'><strong>quaer</strong></span> <span class='ocrx_word' id='word_1_229' title='bbox 1130 2623 1156 2682; x_wconf 94' lang='lat' dir='ltr'><strong>ia</strong></span> <span class='ocrx_word' id='word_1_230' title='bbox 1179 2629 1240 2682; x_wconf 89' lang='lat' dir='ltr'><strong>erat</strong></span> <span class='ocrx_word' id='word_1_231' title='bbox 1265 2621 1324 2682; x_wconf 91' lang='lat' dir='ltr'><strong>Dei</strong></span> 
     </span>
     <span class='ocr_line' id='line_1_27' title="bbox 195 2701 1323 2784; baseline -0.001 -21"><span class='ocrx_word' id='word_1_232' title='bbox 195 2703 286 2777; x_wconf 89' lang='lat' dir='ltr'><strong>aedes,</strong></span> <span class='ocrx_word' id='word_1_233' title='bbox 304 2711 337 2765; x_wconf 71' lang='grc' dir='ltr'><strong>ἐπ</strong></span> <span class='ocrx_word' id='word_1_234' title='bbox 356 2723 475 2764; x_wconf 83' lang='lat' dir='ltr'><strong>aceroos</strong></span> <span class='ocrx_word' id='word_1_235' title='bbox 493 2703 579 2763; x_wconf 85' lang='lat' dir='ltr'><strong>luisse</strong></span> <span class='ocrx_word' id='word_1_236' title='bbox 597 2703 763 2762; x_wconf 79' lang='lat' dir='ltr'><strong>redactam:</strong></span> <span class='ocrx_word' id='word_1_237' title='bbox 782 2719 839 2784; x_wconf 85' lang='lat' dir='ltr'><strong>qua</strong></span> <span class='ocrx_word' id='word_1_238' title='bbox 859 2721 930 2763; x_wconf 86' lang='lat' dir='ltr'><strong>voce</strong></span> <span class='ocrx_word' id='word_1_239' title='bbox 948 2709 1064 2762; x_wconf 89' lang='lat' dir='ltr'><strong>notatur</strong></span> <span class='ocrx_word' id='word_1_240' title='bbox 1077 2701 1111 2762; x_wconf 90' lang='lat' dir='ltr'><strong>de</strong></span> <span class='ocrx_word' id='word_1_241' title='bbox 1124 2703 1210 2761; x_wconf 89' lang='lat' dir='ltr'><strong>ormis</strong></span> <span class='ocrx_word' id='word_1_242' title='bbox 1229 2703 1323 2770; x_wconf 82' lang='lat' dir='ltr'><strong>ruina,</strong></span> 
     </span>
     <span class='ocr_line' id='line_1_28' title="bbox 195 2779 1323 2862; baseline 0 -18"><span class='ocrx_word' id='word_1_243' title='bbox 195 2781 360 2844; x_wconf 86' lang='lat' dir='ltr'><strong>Prolanatio</strong></span> <span class='ocrx_word' id='word_1_244' title='bbox 380 2790 475 2842; x_wconf 88' lang='lat' dir='ltr'><strong>autem</strong></span> <span class='ocrx_word' id='word_1_245' title='bbox 494 2782 592 2862; x_wconf 86' lang='lat' dir='ltr'><strong>templi</strong></span> <span class='ocrx_word' id='word_1_246' title='bbox 612 2787 642 2842; x_wconf 85' lang='lat' dir='ltr'><strong>et</strong></span> <span class='ocrx_word' id='word_1_247' title='bbox 666 2789 780 2842; x_wconf 88' lang='lat' dir='ltr'><strong>sanctae</strong></span> <span class='ocrx_word' id='word_1_248' title='bbox 804 2779 880 2842; x_wconf 88' lang='lat' dir='ltr'><strong>urbis</strong></span> <span class='ocrx_word' id='word_1_249' title='bbox 900 2781 1009 2842; x_wconf 86' lang='lat' dir='ltr'><strong>eversio</strong></span> <span class='ocrx_word' id='word_1_250' title='bbox 1026 2781 1110 2842; x_wconf 79' lang='lat' dir='ltr'><strong>‘sicuti</strong></span> <span class='ocrx_word' id='word_1_251' title='bbox 1130 2781 1217 2861; x_wconf 88' lang='lat' dir='ltr'><strong>impio</strong></span> <span class='ocrx_word' id='word_1_252' title='bbox 1237 2782 1323 2844; x_wconf 81' lang='lat' dir='ltr'><strong>saeri-</strong></span> 
     </span>
     <span class='ocr_line' id='line_1_29' title="bbox 194 2857 1323 2942; baseline -0.002 -18"><span class='ocrx_word' id='word_1_253' title='bbox 194 2862 269 2942; x_wconf 85' lang='lat' dir='ltr'><strong>legio</strong></span> <span class='ocrx_word' id='word_1_254' title='bbox 290 2881 350 2924; x_wconf 88' lang='lat' dir='ltr'><strong>nou</strong></span> <span class='ocrx_word' id='word_1_255' title='bbox 368 2860 510 2934; x_wconf 79' lang='lat' dir='ltr'><strong>carebant,</strong></span> <span class='ocrx_word' id='word_1_256' title='bbox 529 2863 568 2920; x_wconf 84' lang='lat' dir='ltr'><strong>ita</strong></span> <span class='ocrx_word' id='word_1_257' title='bbox 587 2861 689 2920; x_wconf 86' lang='lat' dir='ltr'><strong>merito</strong></span> <span class='ocrx_word' id='word_1_258' title='bbox 709 2859 847 2921; x_wconf 87' lang='lat' dir='ltr'><strong>dehebant</strong></span> <span class='ocrx_word' id='word_1_259' title='bbox 866 2867 964 2922; x_wconf 83' lang='lat' dir='ltr'><strong>eontra</strong></span> <span class='ocrx_word' id='word_1_260' title='bbox 982 2858 1078 2920; x_wconf 86' lang='lat' dir='ltr'><strong>hostes</strong></span> <span class='ocrx_word' id='word_1_261' title='bbox 1093 2857 1150 2922; x_wconf 89' lang='lat' dir='ltr'><strong>Dei</strong></span> <span class='ocrx_word' id='word_1_262' title='bbox 1169 2860 1323 2922; x_wconf 79' lang='lat' dir='ltr'><strong>vindictam</strong></span> 
     </span>
     <span class='ocr_line' id='line_1_30' title="bbox 195 2938 1323 3024; baseline 0 -24"><span class='ocrx_word' id='word_1_263' title='bbox 195 2959 367 3024; x_wconf 81' lang='lat' dir='ltr'><strong>provocare:</strong></span> <span class='ocrx_word' id='word_1_264' title='bbox 391 2941 513 3020; x_wconf 88' lang='lat' dir='ltr'><strong>ideoque</strong></span> <span class='ocrx_word' id='word_1_265' title='bbox 538 2939 573 2999; x_wconf 89' lang='lat' dir='ltr'><strong>ab</strong></span> <span class='ocrx_word' id='word_1_266' title='bbox 598 2939 652 3000; x_wconf 90' lang='lat' dir='ltr'><strong>illis</strong></span> <span class='ocrx_word' id='word_1_267' title='bbox 678 2939 786 3000; x_wconf 91' lang='lat' dir='ltr'><strong>orditur</strong></span> <span class='ocrx_word' id='word_1_268' title='bbox 810 2938 970 3022; x_wconf 84' lang='lat' dir='ltr'><strong>Propheta,</strong></span> <span class='ocrx_word' id='word_1_269' title='bbox 993 2938 1323 3002; x_wconf 71' lang='lat' dir='ltr'><strong>condescensione»</strong></span> 
     </span>
     <span class='ocr_line' id='line_1_31' title="bbox 192 3017 1325 3104; baseline -0.002 -24"><span class='ocrx_word' id='word_1_270' title='bbox 192 3021 233 3080; x_wconf 84' lang='lat' dir='ltr'><strong>&#39;ad</strong></span> <span class='ocrx_word' id='word_1_271' title='bbox 257 3021 357 3082; x_wconf 86' lang='lat' dir='ltr'><strong>caedes</strong></span> <span class='ocrx_word' id='word_1_272' title='bbox 379 3021 493 3104; x_wconf 85' lang='lat' dir='ltr'><strong>piorum</strong></span> <span class='ocrx_word' id='word_1_273' title='bbox 512 3020 621 3080; x_wconf 74' lang='lat' dir='ltr'><strong>transit</strong></span> <span class='ocrx_word' id='word_1_274' title='bbox 660 3017 722 3080; x_wconf 85' lang='lat' dir='ltr'><strong>Hac</strong></span> <span class='ocrx_word' id='word_1_275' title='bbox 745 3027 840 3080; x_wconf 90' lang='lat' dir='ltr'><strong>nutem</strong></span> <span class='ocrx_word' id='word_1_276' title='bbox 865 3021 1072 3082; x_wconf 85' lang='lat' dir='ltr'><strong>circumstantie</strong></span> <span class='ocrx_word' id='word_1_277' title='bbox 1096 3017 1187 3079; x_wconf 88' lang='lat' dir='ltr'><strong>maior</strong></span> <span class='ocrx_word' id='word_1_278' title='bbox 1205 3025 1325 3079; x_wconf 84' lang='lat' dir='ltr'><strong>notatur</strong></span> 
     </span>
     <span class='ocr_line' id='line_1_32' title="bbox 196 3097 1324 3180; baseline 0 -20"><span class='ocrx_word' id='word_1_279' title='bbox 196 3097 363 3173; x_wconf 85' lang='lat' dir='ltr'><strong>erudelitas,</strong></span> <span class='ocrx_word' id='word_1_280' title='bbox 388 3099 466 3180; x_wconf 89' lang='lat' dir='ltr'><strong>quod</strong></span> <span class='ocrx_word' id='word_1_281' title='bbox 489 3119 548 3160; x_wconf 91' lang='lat' dir='ltr'><strong>non</strong></span> <span class='ocrx_word' id='word_1_282' title='bbox 570 3104 682 3160; x_wconf 73' lang='lat' dir='ltr'><strong>mutum</strong></span> <span class='ocrx_word' id='word_1_283' title='bbox 707 3099 859 3162; x_wconf 81' lang='lat' dir='ltr'><strong>oedderiut</strong></span> <span class='ocrx_word' id='word_1_284' title='bbox 887 3118 985 3160; x_wconf 84' lang='lat' dir='ltr'><strong>servos</strong></span> <span class='ocrx_word' id='word_1_285' title='bbox 1010 3097 1079 3174; x_wconf 87' lang='lat' dir='ltr'><strong>Dei,</strong></span> <span class='ocrx_word' id='word_1_286' title='bbox 1101 3098 1151 3158; x_wconf 91' lang='lat' dir='ltr'><strong>sed</strong></span> <span class='ocrx_word' id='word_1_287' title='bbox 1179 3099 1324 3179; x_wconf 84' lang='lat' dir='ltr'><strong>insepulta</strong></span> 
     </span>
     <span class='ocr_line' id='line_1_33' title="bbox 196 3176 1325 3261; baseline -0.001 -22"><span class='ocrx_word' id='word_1_288' title='bbox 196 3198 296 3239; x_wconf 89' lang='lat' dir='ltr'><strong>eorum</strong></span> <span class='ocrx_word' id='word_1_289' title='bbox 325 3178 462 3239; x_wconf 88' lang='lat' dir='ltr'><strong>cadavera</strong></span> <span class='ocrx_word' id='word_1_290' title='bbox 485 3180 651 3261; x_wconf 72' lang='lat' dir='ltr'><strong>proiecerint</strong></span> <span class='ocrx_word' id='word_1_291' title='bbox 675 3178 770 3239; x_wconf 88' lang='lat' dir='ltr'><strong>bestiis</strong></span> <span class='ocrx_word' id='word_1_292' title='bbox 794 3187 823 3240; x_wconf 89' lang='lat' dir='ltr'><strong>ct</strong></span> <span class='ocrx_word' id='word_1_293' title='bbox 852 3178 951 3241; x_wconf 79' lang='lat' dir='ltr'><strong>aribus</strong></span> <span class='ocrx_word' id='word_1_294' title='bbox 975 3179 1005 3238; x_wconf 87' lang='lat' dir='ltr'><strong>in</strong></span> <span class='ocrx_word' id='word_1_295' title='bbox 1029 3177 1173 3260; x_wconf 89' lang='lat' dir='ltr'><strong>praedam.</strong></span> <span class='ocrx_word' id='word_1_296' title='bbox 1211 3176 1325 3258; x_wconf 84' lang='lat' dir='ltr'><strong>Religio</strong></span> 
     </span>
     <span class='ocr_line' id='line_1_34' title="bbox 196 3257 1325 3339; baseline 0.002 -23"><span class='ocrx_word' id='word_1_297' title='bbox 196 3265 292 3318; x_wconf 88' lang='lat' dir='ltr'><strong>antem</strong></span> <span class='ocrx_word' id='word_1_298' title='bbox 317 3258 456 3339; x_wconf 86' lang='lat' dir='ltr'><strong>quaedam</strong></span> <span class='ocrx_word' id='word_1_299' title='bbox 480 3277 537 3318; x_wconf 87' lang='lat' dir='ltr'><strong>scm</strong></span> <span class='ocrx_word' id='word_1_300' title='bbox 561 3277 591 3317; x_wconf 90' lang='lat' dir='ltr'><strong>er</strong></span> <span class='ocrx_word' id='word_1_301' title='bbox 610 3259 701 3318; x_wconf 90' lang='lat' dir='ltr'><strong>tenuit</strong></span> <span class='ocrx_word' id='word_1_302' title='bbox 725 3258 872 3319; x_wconf 91' lang='lat' dir='ltr'><strong>hominum</strong></span> <span class='ocrx_word' id='word_1_303' title='bbox 892 3259 1009 3334; x_wconf 90' lang='lat' dir='ltr'><strong>animos,</strong></span> <span class='ocrx_word' id='word_1_304' title='bbox 1033 3264 1065 3317; x_wconf 88' lang='lat' dir='ltr'><strong>ut</strong></span> <span class='ocrx_word' id='word_1_305' title='bbox 1088 3278 1125 3318; x_wconf 90' lang='lat' dir='ltr'><strong>ne</strong></span> <span class='ocrx_word' id='word_1_306' title='bbox 1146 3257 1253 3317; x_wconf 77' lang='lat' dir='ltr'><strong>hostes-</strong></span> <span class='ocrx_word' id='word_1_307' title='bbox 1283 3259 1325 3318; x_wconf 89' lang='lat' dir='ltr'><strong>ui-</strong></span> 
     </span>
     <span class='ocr_line' id='line_1_35' title="bbox 197 3279 1326 3434; baseline -0.002 -36"><span class='ocrx_word' id='word_1_308' title='bbox 197 3336 262 3398; x_wconf 89' lang='lat' dir='ltr'><strong>dem</strong></span> <span class='ocrx_word' id='word_1_309' title='bbox 287 3337 448 3434; x_wconf 66' lang='lat' dir='ltr'><strong>lpaudarent</strong></span> <span class='ocrx_word' id='word_1_310' title='bbox 472 3279 593 3418; x_wconf 63' lang='lat' dir='ltr'><strong>sepulcri</strong></span> <span class='ocrx_word' id='word_1_311' title='bbox 622 3336 745 3434; x_wconf 76' lang='lat' dir='ltr'><strong>horrore,</strong></span> <span class='ocrx_word' id='word_1_312' title='bbox 775 3338 850 3434; x_wconf 76' lang='lat' dir='ltr'><strong>undp</strong></span> <span class='ocrx_word' id='word_1_313' title='bbox 878 3337 1006 3432; x_wconf 79' lang='lat' dir='ltr'><strong>sequitur</strong></span> <span class='ocrx_word' id='word_1_314' title='bbox 1028 3335 1197 3398; x_wconf 86' lang='lat' dir='ltr'><strong>immanibus</strong></span> <span class='ocrx_word' id='word_1_315' title='bbox 1222 3279 1326 3432; x_wconf 73' lang='lat' dir='ltr'><strong>belluis</strong></span> 
     </span>
     <span class='ocr_line' id='line_1_36' title="bbox 197 3415 1326 3580; baseline 0 -24"><span class='ocrx_word' id='word_1_316' title='bbox 197 3417 905 3580; x_wconf 64' lang='lat' dir='ltr'><strong>attattht„ttalltt‘tthttlttti</strong></span> <span class='ocrx_word' id='word_1_317' title='bbox 919 3415 1326 3576; x_wconf 57' lang='lat' dir='ltr'><strong>ttltnmtt‘ttqlttt:</strong></span> 
     </span>
     <span class='ocr_line' id='line_1_37' title="bbox 198 3575 1327 3657; baseline -0.002 -21"><span class='ocrx_word' id='word_1_318' title='bbox 198 3594 283 3636; x_wconf 89' lang='lat' dir='ltr'><strong>mano</strong></span> <span class='ocrx_word' id='word_1_319' title='bbox 303 3577 431 3656; x_wconf 87' lang='lat' dir='ltr'><strong>sangnini</strong></span> <span class='ocrx_word' id='word_1_320' title='bbox 450 3576 539 3636; x_wconf 90' lang='lat' dir='ltr'><strong>nihilo</strong></span> <span class='ocrx_word' id='word_1_321' title='bbox 558 3579 647 3657; x_wconf 90' lang='lat' dir='ltr'><strong>magis</strong></span> <span class='ocrx_word' id='word_1_322' title='bbox 656 3577 831 3657; x_wconf 84' lang='lat' dir='ltr'><strong>pepercerint</strong></span> <span class='ocrx_word' id='word_1_323' title='bbox 850 3595 937 3657; x_wconf 84' lang='lat' dir='ltr'><strong>quam</strong></span> <span class='ocrx_word' id='word_1_324' title='bbox 956 3594 1063 3655; x_wconf 84' lang='lat' dir='ltr'><strong>aquae:</strong></span> <span class='ocrx_word' id='word_1_325' title='bbox 1085 3576 1160 3637; x_wconf 89' lang='lat' dir='ltr'><strong>unda</strong></span> <span class='ocrx_word' id='word_1_326' title='bbox 1180 3575 1327 3654; x_wconf 87' lang='lat' dir='ltr'><strong>colligitur</strong></span> 
     </span>
    </p>
   </div>
   <div class='ocr_carea' id='block_1_6' title="bbox 81 3654 1327 3739">
    <p class='ocr_par' dir='ltr' id='par_1_6' title="bbox 81 3654 1327 3739">
     <span class='ocr_line' id='line_1_38' title="bbox 81 3654 1327 3739; baseline -0.002 -22"><span class='ocrx_word' id='word_1_327' title='bbox 81 3701 93 3717; x_wconf 94' lang='lat'><em>.</em></span> <span class='ocrx_word' id='word_1_328' title='bbox 198 3655 332 3716; x_wconf 82' lang='lat' dir='ltr'><strong>caedendi</strong></span> <span class='ocrx_word' id='word_1_329' title='bbox 355 3656 482 3716; x_wconf 86' lang='lat' dir='ltr'><strong>ariditas.</strong></span> <span class='ocrx_word' id='word_1_330' title='bbox 523 3654 622 3734; x_wconf 85' lang='lat' dir='ltr'><strong>Quum</strong></span> <span class='ocrx_word' id='word_1_331' title='bbox 648 3663 742 3716; x_wconf 88' lang='lat' dir='ltr'><strong>autem</strong></span> <span class='ocrx_word' id='word_1_332' title='bbox 767 3657 844 3718; x_wconf 91' lang='lat' dir='ltr'><strong>addit</strong></span> <span class='ocrx_word' id='word_1_333' title='bbox 867 3679 928 3716; x_wconf 77' lang='lat' dir='ltr'><strong>noar</strong></span> <span class='ocrx_word' id='word_1_334' title='bbox 937 3657 1040 3739; x_wconf 64' lang='lat' dir='ltr'><strong>sehse</strong></span> <span class='ocrx_word' id='word_1_335' title='bbox 1059 3664 1111 3739; x_wconf 77' lang='lat' dir='ltr'><strong>put</strong></span> <span class='ocrx_word' id='word_1_336' title='bbox 1128 3657 1268 3737; x_wconf 56' lang='grc' dir='ltr'><strong>κραίνει,</strong></span> <span class='ocrx_word' id='word_1_337' title='bbox 1286 3654 1327 3714; x_wconf 91' lang='lat' dir='ltr'><strong>ad</strong></span> 
     </span>
    </p>
   </div>
   <div class='ocr_carea' id='block_1_7' title="bbox 128 3733 1330 4458">
    <p class='ocr_par' dir='ltr' id='par_1_7' title="bbox 128 3733 1329 4374">
     <span class='ocr_line' id='line_1_39' title="bbox 197 3733 1327 3814; baseline -0.003 -18"><span class='ocrx_word' id='word_1_338' title='bbox 197 3733 300 3796; x_wconf 82' lang='lat' dir='ltr'><strong>iratres</strong></span> <span class='ocrx_word' id='word_1_339' title='bbox 324 3741 353 3798; x_wconf 87' lang='lat' dir='ltr'><strong>et</strong></span> <span class='ocrx_word' id='word_1_340' title='bbox 376 3743 512 3814; x_wconf 86' lang='lat' dir='ltr'><strong>cognatos</strong></span> <span class='ocrx_word' id='word_1_341' title='bbox 537 3736 710 3795; x_wconf 78' lang='lat' dir='ltr'><strong>extenditur:</strong></span> <span class='ocrx_word' id='word_1_342' title='bbox 736 3739 793 3797; x_wconf 90' lang='lat' dir='ltr'><strong>acsi</strong></span> <span class='ocrx_word' id='word_1_343' title='bbox 818 3737 923 3796; x_wconf 82' lang='lat' dir='ltr'><strong>diceret</strong></span> <span class='ocrx_word' id='word_1_344' title='bbox 945 3743 1055 3796; x_wconf 87' lang='lat' dir='ltr'><strong>tautum</strong></span> <span class='ocrx_word' id='word_1_345' title='bbox 1074 3736 1161 3798; x_wconf 85' lang='lat' dir='ltr'><strong>luisse</strong></span> <span class='ocrx_word' id='word_1_346' title='bbox 1178 3737 1327 3794; x_wconf 79' lang='lat' dir='ltr'><strong>incanum</strong></span> 
     </span>
     <span class='ocr_line' id='line_1_40' title="bbox 198 3797 1328 3896; baseline 0 -22"><span class='ocrx_word' id='word_1_347' title='bbox 198 3811 360 3888; x_wconf 89' lang='lat' dir='ltr'><strong>horrorem,</strong></span> <span class='ocrx_word' id='word_1_348' title='bbox 389 3815 489 3874; x_wconf 90' lang='lat' dir='ltr'><strong>deinde</strong></span> <span class='ocrx_word' id='word_1_349' title='bbox 514 3814 614 3874; x_wconf 84' lang='lat' dir='ltr'><strong>obvios</strong></span> <span class='ocrx_word' id='word_1_350' title='bbox 639 3835 769 3896; x_wconf 81' lang='lat' dir='ltr'><strong>quosque</strong></span> <span class='ocrx_word' id='word_1_351' title='bbox 796 3817 900 3896; x_wconf 87' lang='lat' dir='ltr'><strong>passim</strong></span> <span class='ocrx_word' id='word_1_352' title='bbox 923 3815 964 3874; x_wconf 89' lang='lat' dir='ltr'><strong>ita</strong></span> <span class='ocrx_word' id='word_1_353' title='bbox 988 3815 1073 3876; x_wconf 88' lang='lat' dir='ltr'><strong>luisse</strong></span> <span class='ocrx_word' id='word_1_354' title='bbox 1098 3797 1275 3885; x_wconf 74' lang='lat' dir='ltr'><strong>huoiddtos,</strong></span> <span class='ocrx_word' id='word_1_355' title='bbox 1292 3819 1328 3874; x_wconf 80' lang='lat' dir='ltr'><strong>ut</strong></span> 
     </span>
     <span class='ocr_line' id='line_1_41' title="bbox 198 3892 1327 3975; baseline -0.001 -20"><span class='ocrx_word' id='word_1_356' title='bbox 198 3913 284 3956; x_wconf 82' lang='lat' dir='ltr'><strong>nemo</strong></span> <span class='ocrx_word' id='word_1_357' title='bbox 324 3893 436 3974; x_wconf 86' lang='lat' dir='ltr'><strong>regredi</strong></span> <span class='ocrx_word' id='word_1_358' title='bbox 460 3894 584 3954; x_wconf 76' lang='lat' dir='ltr'><strong>audent</strong></span> <span class='ocrx_word' id='word_1_359' title='bbox 624 3893 715 3955; x_wconf 88' lang='lat' dir='ltr'><strong>Porro</strong></span> <span class='ocrx_word' id='word_1_360' title='bbox 741 3915 830 3975; x_wconf 87' lang='lat' dir='ltr'><strong>quum</strong></span> <span class='ocrx_word' id='word_1_361' title='bbox 853 3897 883 3954; x_wconf 91' lang='lat' dir='ltr'><strong>iu</strong></span> <span class='ocrx_word' id='word_1_362' title='bbox 906 3893 1054 3955; x_wconf 88' lang='lat' dir='ltr'><strong>homiuum</strong></span> <span class='ocrx_word' id='word_1_363' title='bbox 1077 3895 1225 3975; x_wconf 82' lang='lat' dir='ltr'><strong>sepultura</strong></span> <span class='ocrx_word' id='word_1_364' title='bbox 1245 3892 1327 3954; x_wconf 80' lang='lat' dir='ltr'><strong>Deus</strong></span> 
     </span>
     <span class='ocr_line' id='line_1_42' title="bbox 198 3915 1329 4054; baseline -0.001 -21"><span class='ocrx_word' id='word_1_365' title='bbox 198 3915 322 4054; x_wconf 57' lang='lat' dir='ltr'><strong>aliquod)</strong></span> <span class='ocrx_word' id='word_1_366' title='bbox 339 3973 531 4034; x_wconf 88' lang='lat' dir='ltr'><strong>testimonium</strong></span> <span class='ocrx_word' id='word_1_367' title='bbox 554 3979 666 4034; x_wconf 82' lang='lat' dir='ltr'><strong>exstare</strong></span> <span class='ocrx_word' id='word_1_368' title='bbox 685 3974 809 4035; x_wconf 81' lang='lat' dir='ltr'><strong>volucrit</strong></span> <span class='ocrx_word' id='word_1_369' title='bbox 833 3973 949 4034; x_wconf 87' lang='lat' dir='ltr'><strong>ultimae</strong></span> <span class='ocrx_word' id='word_1_370' title='bbox 971 3976 1194 4046; x_wconf 73' lang='lat' dir='ltr'><strong>resumectionis,</strong></span> <span class='ocrx_word' id='word_1_371' title='bbox 1212 3978 1329 4034; x_wconf 77' lang='lat' dir='ltr'><strong>muetos</strong></span> 
     </span>
     <span class='ocr_line' id='line_1_43' title="bbox 199 4051 1328 4134; baseline 0 -22"><span class='ocrx_word' id='word_1_372' title='bbox 199 4052 256 4114; x_wconf 91' lang='lat' dir='ltr'><strong>hoc</strong></span> <span class='ocrx_word' id='word_1_373' title='bbox 274 4054 336 4114; x_wconf 89' lang='lat' dir='ltr'><strong>iuro</strong></span> <span class='ocrx_word' id='word_1_374' title='bbox 355 4060 560 4134; x_wconf 89' lang='lat' dir='ltr'><strong>postmortem</strong></span> <span class='ocrx_word' id='word_1_375' title='bbox 579 4055 702 4134; x_wconf 85' lang='lat' dir='ltr'><strong>spoliari,</strong></span> <span class='ocrx_word' id='word_1_376' title='bbox 723 4051 765 4114; x_wconf 92' lang='lat' dir='ltr'><strong>bis</strong></span> <span class='ocrx_word' id='word_1_377' title='bbox 785 4053 930 4134; x_wconf 86' lang='lat' dir='ltr'><strong>indignum</strong></span> <span class='ocrx_word' id='word_1_378' title='bbox 950 4053 1011 4113; x_wconf 81' lang='lat' dir='ltr'><strong>luit</strong></span> <span class='ocrx_word' id='word_1_379' title='bbox 1047 4051 1202 4134; x_wconf 83' lang='lat' dir='ltr'><strong>Quaeritur</strong></span> <span class='ocrx_word' id='word_1_380' title='bbox 1221 4059 1328 4126; x_wconf 66' lang='lat' dir='ltr'><strong>umen,</strong></span> 
     </span>
     <span class='ocr_line' id='line_1_44' title="bbox 199 4129 1328 4216; baseline 0 -26"><span class='ocrx_word' id='word_1_381' title='bbox 199 4151 289 4212; x_wconf 88' lang='lat' dir='ltr'><strong>quum</strong></span> <span class='ocrx_word' id='word_1_382' title='bbox 308 4132 434 4214; x_wconf 89' lang='lat' dir='ltr'><strong>reprobis</strong></span> <span class='ocrx_word' id='word_1_383' title='bbox 455 4129 533 4194; x_wconf 88' lang='lat' dir='ltr'><strong>Deus</strong></span> <span class='ocrx_word' id='word_1_384' title='bbox 552 4131 627 4192; x_wconf 88' lang='lat' dir='ltr'><strong>hunc</strong></span> <span class='ocrx_word' id='word_1_385' title='bbox 645 4150 767 4216; x_wconf 84' lang='lat' dir='ltr'><strong>poenam</strong></span> <span class='ocrx_word' id='word_1_386' title='bbox 787 4151 870 4214; x_wconf 86' lang='lat' dir='ltr'><strong>saepe</strong></span> <span class='ocrx_word' id='word_1_387' title='bbox 891 4131 1044 4206; x_wconf 80' lang='lat' dir='ltr'><strong>denuntiet,</strong></span> <span class='ocrx_word' id='word_1_388' title='bbox 1070 4153 1122 4192; x_wconf 90' lang='lat' dir='ltr'><strong>cur</strong></span> <span class='ocrx_word' id='word_1_389' title='bbox 1140 4131 1239 4192; x_wconf 87' lang='lat' dir='ltr'><strong>fideles</strong></span> <span class='ocrx_word' id='word_1_390' title='bbox 1258 4151 1328 4190; x_wconf 88' lang='lat' dir='ltr'><strong>suos</strong></span> 
     </span>
     <span class='ocr_line' id='line_1_45' title="bbox 198 4211 1328 4292; baseline 0 -22"><span class='ocrx_word' id='word_1_391' title='bbox 198 4228 300 4292; x_wconf 87' lang='lat' dir='ltr'><strong>passus</strong></span> <span class='ocrx_word' id='word_1_392' title='bbox 319 4213 355 4274; x_wconf 84' lang='lat' dir='ltr'><strong>sit</strong></span> <span class='ocrx_word' id='word_1_393' title='bbox 374 4213 468 4274; x_wconf 85' lang='lat' dir='ltr'><strong>vorari</strong></span> <span class='ocrx_word' id='word_1_394' title='bbox 486 4233 503 4273; x_wconf 86' lang='lat' dir='ltr'><strong>a</strong></span> <span class='ocrx_word' id='word_1_395' title='bbox 523 4211 629 4273; x_wconf 88' lang='lat' dir='ltr'><strong>hestiis.</strong></span> <span class='ocrx_word' id='word_1_396' title='bbox 669 4211 834 4272; x_wconf 84' lang='lat' dir='ltr'><strong>Tenendum</strong></span> <span class='ocrx_word' id='word_1_397' title='bbox 854 4213 993 4290; x_wconf 86' lang='lat' dir='ltr'><strong>estquod</strong></span> <span class='ocrx_word' id='word_1_398' title='bbox 1013 4212 1080 4272; x_wconf 91' lang='lat' dir='ltr'><strong>alibi</strong></span> <span class='ocrx_word' id='word_1_399' title='bbox 1104 4212 1235 4286; x_wconf 79' lang='lat' dir='ltr'><strong>diximus,</strong></span> <span class='ocrx_word' id='word_1_400' title='bbox 1255 4216 1328 4271; x_wconf 85' lang='lat' dir='ltr'><strong>tcm-</strong></span> 
     </span>
     <span class='ocr_line' id='line_1_46' title="bbox 128 4286 1219 4374; baseline 0.003 -25"><span class='ocrx_word' id='word_1_401' title='bbox 128 4291 134 4300; x_wconf 90' lang='lat'>&#39;</span> <span class='ocrx_word' id='word_1_402' title='bbox 199 4289 311 4370; x_wconf 86' lang='lat' dir='ltr'><strong>poralea</strong></span> <span class='ocrx_word' id='word_1_403' title='bbox 330 4311 448 4373; x_wconf 89' lang='lat' dir='ltr'><strong>poenae,</strong></span> <span class='ocrx_word' id='word_1_404' title='bbox 466 4310 540 4373; x_wconf 87' lang='lat' dir='ltr'><strong>quae</strong></span> <span class='ocrx_word' id='word_1_405' title='bbox 558 4293 596 4354; x_wconf 81' lang='lat' dir='ltr'><strong>sd</strong></span> <span class='ocrx_word' id='word_1_406' title='bbox 619 4291 710 4354; x_wconf 88' lang='lat' dir='ltr'><strong>solam</strong></span> <span class='ocrx_word' id='word_1_407' title='bbox 735 4311 849 4354; x_wconf 88' lang='lat' dir='ltr'><strong>caruem</strong></span> <span class='ocrx_word' id='word_1_408' title='bbox 869 4286 1020 4374; x_wconf 78' lang='lat' dir='ltr'><strong>pertinent,</strong></span> <span class='ocrx_word' id='word_1_409' title='bbox 1044 4299 1103 4352; x_wconf 88' lang='lat' dir='ltr'><strong>tam</strong></span> <span class='ocrx_word' id='word_1_410' title='bbox 1121 4291 1219 4354; x_wconf 85' lang='lat' dir='ltr'><strong>electis</strong></span> 
     </span>
    </p>

    <p class='ocr_par' dir='ltr' id='par_1_8' title="bbox 200 4367 1330 4458">
     <span class='ocr_line' id='line_1_47' title="bbox 200 4367 1330 4458; baseline 0.004 -30"><span class='ocrx_word' id='word_1_411' title='bbox 200 4367 328 4450; x_wconf 83' lang='lat' dir='ltr'><strong>reprobis</strong></span> <span class='ocrx_word' id='word_1_412' title='bbox 352 4389 414 4432; x_wconf 86' lang='lat' dir='ltr'><strong>csse</strong></span> <span class='ocrx_word' id='word_1_413' title='bbox 437 4391 616 4452; x_wconf 83' lang='lat' dir='ltr'><strong>communes,</strong></span> <span class='ocrx_word' id='word_1_414' title='bbox 634 4379 747 4434; x_wconf 87' lang='lat' dir='ltr'><strong>tantum</strong></span> <span class='ocrx_word' id='word_1_415' title='bbox 770 4375 801 4434; x_wconf 90' lang='lat' dir='ltr'><strong>iu</strong></span> <span class='ocrx_word' id='word_1_416' title='bbox 819 4373 900 4454; x_wconf 81' lang='lat' dir='ltr'><strong>exitu</strong></span> <span class='ocrx_word' id='word_1_417' title='bbox 919 4377 962 4434; x_wconf 83' lang='lat' dir='ltr'><strong>est</strong></span> <span class='ocrx_word' id='word_1_418' title='bbox 982 4372 1139 4458; x_wconf 77' lang='lat' dir='ltr'><strong>discrimen,</strong></span> <span class='ocrx_word' id='word_1_419' title='bbox 1160 4371 1228 4454; x_wconf 84' lang='lat' dir='ltr'><strong>quia</strong></span> <span class='ocrx_word' id='word_1_420' title='bbox 1278 4389 1330 4432; x_wconf 87' lang='lat' dir='ltr'><strong>cna</strong></span> 
     </span>
    </p>
   </div>
   <div class='ocr_carea' id='block_1_8' title="bbox 0 0 1449 4888">
    <p class='ocr_par' dir='ltr' id='par_1_9' title="bbox 0 0 1449 4888">
     <span class='ocr_line' id='line_1_48' title="bbox 0 0 1449 4888; baseline 0 0"><span class='ocrx_word' id='word_1_421' title='bbox 0 0 1449 4888; x_wconf 95' lang='lat' dir='ltr'><strong> </strong></span> 
     </span>
    </p>
   </div>
  </div>
 </body>
</html>
