2874 4888
46 694 51 712 ι
80 721 83 737 '
172 721 218 780 vel
238 719 390 800 quotannis
410 715 573 786 memoriale
594 714 708 794 aliquod
719 715 856 776 duntaxat

171 273 224 334 172
577 271 882 332 ¹inconsonus

171 407 216 464 est
232 405 268 460 ut
286 417 337 462 eos
355 397 530 464 familiariter
553 397 659 476 alloqui
685 396 814 477 diguatus
840 399 886 458 sit.
918 398 1012 476 Quod
1028 397 1084 460 alii
1102 407 1224 474 uertunt,
1241 401 1305 464 'Uti-

172 501 250 554 uaru,
280 488 310 540 et
326 475 435 538 ,volout
464 496 527 537 esse
556 477 721 537 adverbium
742 475 890 548 hortantis,
919 499 1021 538 vereor
1044 501 1081 539 ne
1106 483 1142 540 sit
1162 490 1305 544 coactum.

87 626 89 635 ,
172 561 247 634 lllud
271 579 340 620 vero
365 559 486 630 alterum
504 557 642 616 concinne
660 559 732 629 fluit,
757 557 871 635 quaudo
897 577 956 616 vox
975 557 1029 618 l)ei
1050 559 1161 620 assidue
1174 562 1210 620 in
1230 563 1305 623 auri·
1320 596 1335 610 ··

171 641 225 700 bus
250 646 397 720 personat,
421 656 475 696 noc
499 634 587 696 semel
612 642 723 695 tautum
743 634 873 697 Patribus
893 637 1017 698 ostendit
1037 641 1186 734 pastoralis
1206 661 1303 731 curae,

164 805 286 876 ,munus
305 795 466 858 satisdare
485 793 612 877 patelieri
631 795 736 856 clectos
755 815 817 856 esso
835 717 1004 860 1υὲἕέξῖιᾶ
1020 719 1227 880 sgbdegceorbbmw
1245 720 1304 782 hoe

260 999 292 1066 8.
314 991 368 1064 Νο’
388 995 546 1064 obduretis
566 1011 624 1063 eor
651 1005 794 1062 vestrum
820 997 901 1065 sieut
921 997 953 1063 in
975 995 1103 1080 Mariba,
1119 1001 1303 1070 ‘secundum

171 1107 255 1174 diem
280 1103 385 1172 blaesa
412 1103 450 1188 in,
473 1103 607 1188 deserto,
628 1163 631 1172 ,
656 1102 688 1168 9.
716 1103 852 1188 Quando
880 1113 1080 1171 tentaverunt
1099 1129 1165 1182 ‚rue
1190 1104 1302 1175 Patres

170 1211 283 1293 vestri,
308 1210 527 1300 probaverunt·
546 1231 609 1290 me,
637 1231 737 1298 quum
765 1219 872 1278 tamen
894 1209 1046 1276 vidissent
1073 1231 1156 1300 opus
1181 1233 1300 1279 meum.

166 1318 223 1391 10.
247 1315 456 1406 Quadraginta
484 1315 583 1382 annos
605 1313 726 1405 litigavi
754 1337 828 1382 cum
854 1316 1055 1406 generatione
1076 1315 1144 1396 hac,
1172 1307 1204 1383 et
1226 1317 1301 1402 dixi,

170 1423 313 1514 Populus
335 1433 527 1492 sunterraus
549 1421 657 1487 eorde:
680 1431 713 1488 et
733 1420 792 1512 ipsi
809 1445 874 1489 non
886 1433 1104 1512 coguoverunt
1124 1423 1190 1490 vias
1202 1446 1300 1490 meas.

64 1551 68 1566 ¹
171 1531 223 1597 11.
246 1530 351 1618 Quare
373 1529 471 1596 iuravi
493 1528 525 1594 in
546 1527 592 1594 ira
614 1549 694 1611 mea,
716 1527 752 1594 Si
773 1527 949 1596 introibunt
969 1527 1003 1594 iu
1024 1528 1167 1618 requiem
1183 1550 1298 1597 meam.

249 1679 278 1738 8.
298 1677 347 1736 Ns
366 1675 521 1748 obdormis.
550 1672 626 1752 Quia
646 1671 734 1734 durae
753 1673 869 1734 cervicis
888 1678 977 1746 eraut,
997 1678 1025 1732 el
1045 1665 1173 1735 difficiles
1192 1671 1228 1732 ad
1248 1673 1300 1735 oh-

169 1756 309 1836 sequium,
335 1761 487 1834 postquam
507 1752 563 1812 Dei
586 1755 706 1832 gratiam
729 1753 830 1812 extulit
854 1771 888 1814 ac
914 1751 1065 1816 celebravit
1084 1753 1113 1810 in
1133 1751 1229 1814 officio
1249 1773 1298 1835 pa·

170 1837 267 1898 storia:
286 1836 325 1895 ita
345 1834 475 1905 vicissim-
488 1833 621 1893 admouet
646 1839 678 1891 u't
697 1832 838 1892 docilitate
856 1838 886 1893 et
905 1832 1014 1912 placida
1034 1832 1248 1895 mausuetudine
1268 1853 1300 1908 se

169 1934 284 1996 gregem
309 1914 405 1974 orium
430 1915 491 1974 eius
511 1933 573 1972 esse
593 1912 723 1992 probent,
748 1931 781 1972 ac
799 1925 859 1990 quo
879 1913 981 1971 melios
1001 1918 1160 1992 tangantur,
1183 1911 1297 1972 Patmru

168 1995 374 2055 contumaciam
393 1991 447 2052 illis
467 1993 629 2074 exprobrat.
655 1990 843 2072 ,Quanquam
863 1998 959 2051 autom
978 2011 1084 2052 nomen
1103 1995 1228 2062 rimu
1248 2011 1299 2071 ap-

168 2071 334 2213 pellativum
352 2092 414 2132 esse
433 2079 537 2152 potest,
555 2079 589 2132 ut
608 2073 644 2132 ait
663 2075 724 2133 rixa
735 2073 782 2138 vel
796 2073 953 2132 eontentio:
974 2073 1040 2151 quia
1055 2078 1150 2130 tamen
1168 2091 1227 2132 uon
1247 2071 1298 2130 du-

188 2156 247 2214 ium
267 2161 310 2214 est
330 2155 398 2232 quin
419 2153 454 2211 ad
474 2151 621 2212 historiam
645 2153 776 2232 respiciat
795 2150 938 2231 Propheta
963 2170 1036 2230 quac
1055 2157 1185 2210 narratur
1204 2147 1299 2210 Exodi

168 2236 261 2314 eapite
283 2235 330 2302 17,
349 2239 377 2295 2.
397 2235 426 2296 7.
446 2233 533 2292 malui
558 2233 592 2291 ad
617 2229 715 2295 locum
743 2231 861 2292 reterre:
886 2230 963 2309 quod
988 2231 1065 2290 idem
1088 2233 1172 2290 etiam
1196 2232 1226 2290 iu
1240 2233 1296 2290 'uo-

167 2335 234 2374 mea
255 2315 505 2393 r'iOtJtcompclit.
537 2309 614 2390 Quia
633 2319 728 2372 tamen
747 2311 916 2370 insecundo
930 2309 1297 2376 membroadditoruomeo

156 2397 281 2466 stema,
301 2394 337 2454 ad
356 2391 512 2452 notandum
536 2394 699 2452 tentationis
723 2390 832 2451 locum:
862 2391 933 2450 sicui
952 2390 1041 2468 magis
1060 2390 1170 2470 placeat
1190 2392 1296 2464 versio,

165 2475 324 2536 coenredum
343 2476 418 2533 dum
437 2480 617 2543 tentationis,
637 2471 725 2530 nolim
743 2470 923 2532 mutendere.
963 2467 1024 2529 Nec
1047 2488 1115 2528 saue
1134 2471 1163 2527 in
1180 2489 1214 2537 ¹rc
1233 2477 1294 2529 tan-

165 2554 231 2614 tula·
247 2573 320 2632 opus
338 2559 382 2612 est
401 2571 453 2612 nos
472 2570 534 2612 csse
553 2553 636 2610 nimis
660 2551 802 2624 eudorus,
827 2569 893 2610 nam
918 2549 1008 2628 quud.
1021 2547 1132 2610 diversa
1150 2549 1214 2610 loca
1233 2568 1295 2610 esse

155 2634 284 2713 quidam
302 2632 412 2704 uolunt,
433 2649 490 2692 nou
510 2632 656 2690 assentior.
697 2628 830 2690 Pluribus
855 2630 956 2688 deinde
980 2627 1072 2708 verbio
1093 2627 1221 2690 duritiem
1243 2649 1294 2708 po·

163 2713 226 2792 poli
245 2713 383 2793 explicat:
402 2713 432 2770 et
450 2727 510 2790 qao
551 2711 594 2771 lna
613 2709 756 2770 ellicacias
770 2709 872 2782 habeat
891 2699 994 2779 sermo,
1012 2705 1110 2788 lleum
1129 2709 1294 2787 loquentem

164 2793 281 2852 inducit.
321 2791 411 2850 Porro
437 2791 489 2853 sub
514 2731 699 2850 obduratione
724 2790 818 2848 cordis
841 2809 898 2848 non
926 2785 1043 2846 dubium
1067 2794 1112 2848 est
1131 2790 1200 2866 quia
1220 2785 1292 2846 Pro·

153 2874 251 2953 -pheta
274 2872 430 2950 quemlibet
454 2869 532 2930 verbi
558 2869 614 2928 Dei
638 2875 834 2948 contemptum
859 2867 1006 2948 significet,
1036 2870 1165 2946 quamvis
1186 2868 1293 2950 miritae

163 2955 219 3012 aiut
239 2970 273 3012 ac
296 2951 424 3010 diversae
445 2954 562 3027 species.
603 2947 676 3010 Nam
702 2969 790 3028 quum
814 2950 845 3008 iu
869 2949 993 3008 medium
1018 2949 1195 3042 proponitur,
1216 2947 1292 3006 vide·

163 3050 228 3092 mus
247 3030 364 3091 aballis
384 3029 483 3108 frigido
502 3029 600 3100 audiri,
620 3037 650 3089 et
668 3032 854 3109 contemptim
878 3027 913 3088 ab
937 3028 999 3088 aliis
1019 3025 1292 3166 luaudioaerrospui,

164 3111 200 3170 ab
220 3111 282 3171 aliis
301 3110 422 3190 superbe
440 3109 527 3174 reiici.
546 3108 581 3190 ah
602 3109 663 3168 aliis
682 3111 767 3170 etiam
788 3109 891 3169 loricae
910 3127 968 3169 aaa
984 3105 1045 3199 siue
1060 3105 1164 3186 probro
1184 3114 1214 3166 et
1253 3105 1291 3167 la-

163 3186 1097 3345 {liittrtttttlsdtbr”tiltdtltttl'ttl'llll
1116 3187 1292 3329 tilloit

162 3351 250 3410 verbo
276 3350 418 3430 Propheta
442 3349 647 3429 complectitur.
693 3347 792 3428 Neque
821 3349 896 3407 enim
922 3366 973 3406 cor
996 3353 1125 3404 nostrum
1149 3345 1237 3404 molle
1261 3353 1290 3404 et

151 3431 285 3493 ‘flexibile
304 3430 340 3490 ad
359 3429 454 3490 Duum
475 3429 644 3492 audiendum
664 3429 831 3500 censebitur,
849 3429 903 3487 nisi
918 3433 1080 3486 reverenter
1098 3433 1291 3505 promptoque

162 3511 196 3572 ad
219 3510 384 3588 obsequium
405 3510 508 3570 allecta
528 3509 685 3585 excipimus
705 3509 766 3568 eius
785 3508 962 3576 doctrinam,
982 3503 1068 3584 Quod
1088 3506 1111 3563 si
1131 3504 1209 3564 nulla
1229 3509 1291 3564 eius

162 3589 300 3670 estapud
315 3609 372 3652 ¹noe
392 3591 553 3662 auctoritas,
572 3589 661 3648 nihilo
680 3588 746 3668 plus
766 3607 851 3667 quam
866 3586 976 3646 homiui
994 3583 1107 3647 mortali
1126 3585 1289 3644 tribuimus:
1405 3644 1408 3648 ,

160 3674 192 3730 in
212 3690 270 3749 quo
295 3687 325 3728 se
349 3670 445 3749 prodit
468 3670 560 3728 cordis
585 3668 715 3742 durities,
736 3668 796 3728 sive
820 3673 831 3726 t
870 3674 931 3726 turn
955 3684 993 3726 ex
1013 3661 1150 3737 socordia,
1170 3666 1230 3724 sire
1250 3685 1289 3724 ex

159 3749 244 3825 fastu,
263 3751 324 3808 sive
342 3768 379 3808 ex
398 3749 549 3808 rebellione
568 3747 710 3826 procedat.
742 3747 820 3809 Cous
853 3754 882 3807 to
901 3752 996 3816 autern
1016 3743 1113 3806 odiosa
1128 3763 1200 3804 voce
1219 3764 1289 3804 usus

160 3837 214 3903 est,
244 3849 303 3910 quo
323 3831 411 3906 magis
431 3829 632 3889 exsecrabilem
652 3828 784 3888 redderet
808 3826 886 3886 verbi
911 3832 1119 3904 contemptum:
1149 3824 1232 3902 sicuti
1257 3826 1289 3882 in

160 3910 247 3989 hope,
269 3909 322 3968 sub
342 3907 482 3976 adulterii
506 3910 628 3968 nomiae.
653 3909 782 3988 quamvis
808 3907 1008 3966 scortationem
1032 3911 1061 3964 et
1081 3905 1205 3983 impuras
1225 3903 1287 3963 libi-

161 3992 239 4048 dines
263 3989 390 4050 damuat:
416 3987 468 4050 sub
492 3989 608 4048 nornine
628 3987 792 4061 Homicidii,
817 4005 902 4065 omne
920 4005 1009 4066 genus
1029 3984 1179 4044 violentiae
1199 3991 1227 4042 ct
1246 3983 1288 4042 in·

159 4069 257 4141 iuriae,
281 4068 346 4128 odia
364 4069 451 4130 etiarn
470 4074 500 4128 et
524 4068 688 4138 simultates.
726 4066 803 4145 Ergo
827 4067 955 4146 quisquis
980 4063 1130 4143 neglectim
1154 4061 1288 4144 praeterit

159 4149 279 4210 verbum
298 4147 363 4223 Dei,
382 4167 477 4228 neque
495 4155 618 4209 attentus
637 4154 681 4206 est
699 4147 734 4206 ad
765 4147 912 4222 arandam,
931 4147 1061 4226 quamvis
1075 4147 1288 4224 nonsitaperte
1306 4207 1318 4217 ,
1373 4150 1384 4170 ’

159 4237 327 4302 contumax,
358 4228 461 4288 dicitur
482 4234 578 4292 taurea
603 4246 665 4286 asse
689 4167 774 4286 eorde
798 4227 824 4295 la
846 4227 918 4286 ideo.
957 4224 1081 4286 Ridiculi
1103 4230 1198 4284 tamen
1219 4229 1288 4282 aaut

159 4305 299 4385 Paphus,
329 4309 396 4368 duur
421 4327 459 4369 ex
484 4308 540 4367 hoc
563 4307 628 4366 loco
653 4306 771 4366 liberum
796 4248 942 4366 arbitrium
966 4305 1111 4366 adstruere
1135 4311 1285 4364 conantur.

156 4385 253 4446 Primo
277 4389 435 4451 nomadum
458 4395 503 4450 cst
526 4387 614 4450 corda
638 4388 766 4448 omnium
790 4381 953 4461 monialium
980 4385 1145 4446 naturaliter
1174 4383 1286 4464 lapidea
