2844 4882
208 279 264 356 400
348 345 352 354 ἱ
616 293 923 336 'tceunnun
1063 295 1070 314 ⁰

210 407 325 504 praeter
345 421 400 480 ina
429 423 459 480 et
485 417 529 479 lea
548 435 579 478 aa
597 417 696 498 impeti
715 415 751 478 ah
770 417 922 499 improbis,
951 417 1084 500 trahique
1102 419 1137 480 in
1157 417 1269 482 odium
1288 423 1344 482 um

213 521 267 562 nno
293 500 405 560 merito.
443 497 537 558 Porro
562 517 651 578 quum
677 496 788 558 duobne
813 499 906 559 modia
930 497 1037 578 prolana
1060 506 1092 560 et
1111 499 1272 580 aimplioea
1288 504 1345 560 rins

213 587 380 662 oppugnent
398 578 512 654 lullanae
532 577 653 658 linguae,
673 577 720 636 vel
740 575 809 637 dum
828 597 878 638 eoa
896 579 1127 642 eireumveniunt
1148 579 1232 640 dolie
1253 587 1284 640 et
1299 601 1348 662 up-
1372 636 1377 647 ,

105 679 108 694 ·
213 657 346 732 tionibus,
367 659 413 718 vel
433 657 502 728 duur
522 656 593 717 ialao
613 657 763 718 infamant:
795 657 831 716 de
850 657 973 720 secunda
992 659 1089 740 speeie
1108 679 1197 719 nuno
1217 657 1350 741 Propheta

212 739 385 820 expostulat.
428 736 516 816 Quod
540 738 564 796 ai
590 743 668 796 tauta
688 738 794 812 virtute
813 737 972 817 praeditus,
998 745 1032 803 ,et
1052 741 1134 800 omni
1154 739 1279 800 sinistra
1296 751 1353 800 nea

212 837 311 914 purus,
330 817 513 914 remotusque
533 835 549 876 a
570 817 686 912 erimine
705 813 861 911 lfropheta,
881 818 992 914 probris⁸
1012 825 1110 913 tamen
1130 819 1290 898 impetitus
1305 831 1370 903 εἰς,

211 899 295 1059 tlt
309 895 1356 1058 titt,t,lttltlttllttlttttltttrm‘tttttt

212 1059 298 1130 heaut
323 1057 448 1132 hostem,
478 1058 539 1116 eius
559 1056 711 1116 mendaciis
730 1057 843 1134 gravari
862 1077 978 1118 neeeeee
996 1065 1055 1118 eutr
1085 1057 1149 1117 imo
1172 1058 1355 1118 videmurne

212 1137 285 1198 Filio
315 1138 430 1218 quidem
437 1133 506 1208 Dei
536 1135 646 1216 linguae
675 1134 828 1196 maledieaa
857 1137 1044 1225 pepercisse„
1059 1157 1120 1217 qun
1153 1140 1282 1217 aequior
1308 1160 1355 1198 aar

211 1219 286 1278 ferre
306 1217 387 1276 deeet
406 1218 431 1276 ei
449 1217 589 1276 immerito
610 1233 662 1274 nos
682 1215 804 1294 improbi
824 1216 990 1276 traducunt:
1011 1217 1079 1297 quia
1098 1223 1221 1278 nerium
1231 1224 1356 1278 ertem-

211 1295 397 1360 munemhie
416 1298 503 1356 totins
523 1293 666 1356 Ecclesiae
686 1295 830 1354 lortunam
851 1295 979 1356 describi.

293 1381 322 1440 3.
356 1379 437 1452 Quid
454 1378 534 1452 dudit
554 1377 615 1470 utu
635 1372 816 1470 'Exaggerat
835 1373 981 1470 Propheta
1005 1373 1133 1464 huetium
1157 1379 1285 1438 enorum
1303 1397 1359 1438 ma

213 1458 314 1531 liliam,
334 1456 473 1536 quodeos
488 1474 576 1537 pram
596 1453 694 1528 lrludo,
714 1463 799 1513 atram
819 1456 898 1516 nulla
918 1455 1040 1516 utilitate
1059 1457 1229 1536 proposita,
1251 1457 1285 1516 ad
1303 1479 1357 1516 nea·

108 1573 117 1586 ι
212 1535 392 1598 ledieendum
411 1537 512 1616 rapiat.
552 1533 726 1614 Quanquam
746 1533 859 1596 videtur
877 1535 990 1616 longius
1018 1537 1172 1618 progredi,
1207 1545 1357 1616 poetqm

124 1607 132 1632 '
214 1617 321 1677 scilieet
340 1622 433 1676 totum
454 1617 662 1676 calumniarum
682 1630 797 1674 enarum
816 1616 894 1674 virur
915 1614 1110 1696 profuderint,
1140 1617 1250 1676 irritos
1269 1625 1355 1676 tamen

212 1697 286 1771 iore,
305 1699 335 1754 et
354 1695 485 1775 proleetu
504 1695 642 1754 eari'turna
662 1713 763 1754 eorum
784 1701 911 1756 eonatua.
932 1693 1008 1772 Ergo
1029 1694 1097 1774 quiu
1117 1693 1210 1756 Deua
1229 1697 1357 1758 maura

168 1817 177 1828 .
212 1777 271 1835 tiae
290 1793 409 1854 anorum
427 1780 552 1834 assertor
570 1779 628 1846 eat,
657 1772 781 1854 hanape
801 1773 890 1834 iretur
910 1773 1023 1847 David,
1052 1774 1179 1854 perinde
1205 1793 1245 1836 ae
1266 1777 1381 1845 nime,

213 1853 305 1936 phum
325 1860 439 1914 aeturus
460 1855 495 1934 de
514 1858 576 1914 tota
595 1852 832 1914 calumniatorum
851 1853 951 1926 turba,
979 1872 1007 1914 m
1066 1873 1084 1914 o
1105 1856 1214 1914 auimo
1234 1857 1355 1935 iuaurg't.

162 2020 163 2027 ψ
212 1925 764 2092 ettlttsgttrtttrtt
778 1933 964 2092 ultien
978 1933 1356 2074 ‘eiurante

75 2082 79 2091 “
181 2123 183 2127 -
236 2094 329 2152 iorum
351 2094 479 2152 omnium
500 2091 638 2166 dolorem,
665 2033 837 2153 utiiniusre
856 2112 956 2154 eorum
975 2089 1081 2152 lamam
1100 2093 1354 2173 proscinduntur

183 2113 413 2312 'lliumniatnrem
443 2172 514 2234 nihil
538 2171 733 2252 proiecturae:
764 2173 831 2251 quin
850 2170 994 2232 Domiuua
1012 2191 1095 2254 apem
1116 2191 1229 2234 eorum
1248 2173 1355 2234 nume

233 2254 300 2314 itur.

294 2332 322 2394 4.
342 2337 482 2416 Sagittae
500 2333 621 2394 rohnett.
661 2329 798 2394 lllalitiem
818 2349 919 2392 eornm
960 2331 990 2390 ui
1008 2331 1155 2412 simplioea
1176 2339 1212 2394 et
1233 2335 1352 2394 innmiua

214 2411 274 2474 auis
298 2411 445 2490 calumniiq
469 2411 616 2486 infestant,
647 2411 836 2476 alteratione
859 2349 1027 2490 ampldeat,
1058 2411 1140 2492 quod
1172 2413 1283 2493 probra
1307 2433 1350 2472 seu
1379 2426 1385 2471 ·.

212 2511 274 2553 nou
298 2509 379 2552 aeuus
404 2491 563 2552 iaenlantur
588 2511 622 2552 ae
646 2491 734 2570 siquis
760 2491 861 2571 sagitta
885 2491 1049 2569 proximum
1072 2507 1163 2551 auum
1189 2493 1350 2572 contiguet:

168 2635 173 2641 ,
214 2578 245 2635 et
267 2591 367 2634 eorum
391 2571 546 2632 calumniae
566 2571 673 2632 similes
697 2590 760 2632 esee
784 2569 953 2632 carbonibus
972 2571 1110 2650 iuniperi,
1142 2571 1199 2652 qui
1220 2573 1349 2635 etherius

236 2657 374 2722 enetrnnt,
394 2657 424 2709 et
442 2653 531 2731 magis
551 2656 676 2711 exurunt
697 2667 783 2730 qnam
803 2669 841 2709 ex
859 2650 921 2710 aliis
941 2649 1024 2729 lignis
1043 2649 1148 2710 cilenti.
1171 2649 1290 2712 Summa
1302 2661 1347 2723 est,

214 2672 302 2812 lgneo
322 2731 424 2789 ardore
443 2749 575 2792 neeeuras
595 2749 657 2790 erae
675 2737 704 2790 et
735 2731 816 2810 quasi
846 2729 923 2789 letali
943 2749 1054 2790 veneno
1074 2731 1183 2790 tinetas
1207 2731 1345 2792 calunnia·

215 2818 311 2870 torum
332 2811 458 2889 liuguae:
483 2811 606 2890 ideoque
626 2810 719 2870 minna
739 2829 801 2870 eene
820 2807 1005 2884 excusabiles,
1025 2809 1103 2902 quod
1123 2809 1214 2870 nullu
1233 2807 1339 2870 uereede

136 2956 139 2968 ¹
215 2897 276 2950 tam
299 2890 449 2950 exitialiter
473 2889 584 2950 laedere
608 2893 755 2970 appetunt.
795 2886 873 2968 Quia
896 2894 992 2948 autem
1016 2887 1086 2949 nihil
1106 2887 1155 2948 hie
1178 2890 1270 2950 refert
1283 2889 1343 2948 Pru·

236 2967 302 3026 heta
322 2969 378 3028 niai
402 2967 480 3047 quod
504 2974 638 3048 expertus
662 2975 737 3026 erat:
762 2969 787 3028 ai
800 2989 866 3028 eum
886 2968 1004 3048 uinaque
1023 2968 1129 3028 similes
1146 2969 1265 3050 enuiigi
1282 2988 1346 3030 mer·

215 2989 363 3108 daciarum
382 3047 480 3106 iaculis
499 3053 529 3110 et
548 3048 628 3126 quasi
648 3045 818 3108 carbonibus
843 3047 926 3108 exuri
950 3048 1090 3128 oportuit,
1120 3067 1184 3110 non
1212 3057 1262 3112 est
1285 3047 1348 3128 qued

214 3127 352 3186 miremur
376 3126 407 3186 iu
431 3125 551 3186 eundem
577 3145 694 3208 quoque
713 3127 830 3190 modum
851 3129 979 3190 exerceri
999 3129 1125 3208 optimoa
1144 3148 1289 3210 quosque
1305 3127 1350 3188 Dri

214 3223 321 3268 aervua.

308 3408 340 3479 5.
375 3405 435 3475 Hei
457 3405 535 3474 mihi
556 3408 630 3499 quia
651 3410 866 3502 peregrinatus
889 3430 961 3476 sum
983 3407 1017 3476 in
1039 3405 1185 3510 lilesecht,
1219 3408 1351 3476 habitari

215 3515 297 3582 iuter
323 3515 456 3583 tentoria
482 3514 597 3584 Kedar.
643 3515 674 3585 6.
706 3515 844 3582 Multum
870 3513 1020 3582 habitavit
1035 3514 1150 3590 ,anime
1178 3539 1259 3584 mea
1291 3537 1352 3584 eun

205 3642 313 3712 onore
333 3621 431 3710 pacis.
478 3619 606 3730 nego
629 3645 758 3713 pacemr
780 3633 812 3689 et
834 3621 911 3688 dnm
932 3619 1057 3710 loquor,
1078 3621 1140 3711 ipsi
1161 3621 1204 3688 ad
1227 3621 1352 3690 bellum

155 3835 158 3845 ¹
257 3732 326 3828 s5.
355 3767 414 3826 Her·
432 3763 513 3826 miii.
553 3765 748 3847 Conqueritur
769 3763 937 3826 trahendam
961 3765 1013 3826 eibi
1037 3751 1124 3828 fuisse
1147 3785 1270 3828 moram
1297 3784 1351 3826 eun

217 3843 358 3984 perversis
378 3841 552 3906 homiuibus:
573 3866 606 3906 ae
625 3849 713 3926 aiqnie
732 3846 818 3906 miser
832 3847 861 3904 in
876 3846 949 3906 tristi
963 3846 1049 3906 exilio
1065 3865 1212 3906 aeneaeere
1228 3849 1352 3928 cogatur.

242 3943 332 3984 armna
352 3921 519 3985 Meaeehitaa
539 3931 569 3986 et
588 3925 753 3987 Kedarenoa
772 3923 859 3984 fuiraa
878 3925 1002 4005 populos
1023 3923 1198 4000 orientales,
1228 3940 1351 4006 quorun

96 4045 103 4076 1
217 4006 327 4084 priores
348 4005 485 4084 originem
506 4011 655 4066 traxerunt
674 4023 691 4065 a
710 4002 844 4084 lapheth‚
875 4011 908 4064 nt
933 4003 1015 4066 dnoet
1033 4004 1127 4068 noso
1147 4003 1351 4078 Geu.1tl‚‘.‘.:

218 4083 301 4144 alteri
324 4101 396 4162 veru
419 4103 456 4144 ex
480 4083 539 4144 lilio
564 4083 689 4144 lamuelis
714 4083 830 4143 fuerunt
856 4085 1005 4164 progeniti.
1045 4082 1119 4144 Nam
1143 4084 1179 4144 de
1204 4083 1350 4146 Hetruscis
1393 4125 1394 4128 η

219 4164 358 4244 aedpere,
377 4183 495 4242 proreua
516 4163 669 4226 absurdum
689 4170 744 4238 eat,
763 4169 793 4224 et
812 4171 890 4224 earet
909 4165 987 4226 omui
1007 4163 1112 4224 eolore.
1147 4161 1282 4241 Quidam
1301 4160 1349 4222 hle·

218 4241 288 4302 eeeh
309 4243 410 4302 volunt
428 4243 632 4324 appellativum
652 4262 714 4304 erae
733 4261 851 4304 nomeu:
876 4249 905 4304 et
930 4242 998 4322 quia
1017 4249 1107 4322 'two
1132 4241 1249 4305 trahere
1275 4245 1348 4322 aigne

217 4321 300 4396 iieat,
318 4319 498 4401 Prophetam
519 4323 685 4382 diuturnum
703 4323 836 4397 uilium,
862 4319 941 4400 quod
960 4323 1021 4384 siue
1040 4323 1097 4382 tine
1112 4324 1267 4402 prorogari
1281 4319 1347 4380 vide·

109 4461 116 4472 ,
218 4398 281 4474 hat,
311 4399 414 4462 (lettere
438 4402 629 4468 numerant..
648 4399 707 4472 Sed
733 4401 800 4483 quin
824 4403 961 4462 continuo
980 4407 1046 4484 poet
1065 4401 1143 4464 addit
1160 4399 1264 4464 Kedar
1284 4403 1349 4480 (quo
