2890 4886
972 137 1214 190 ,ΙΙ

532 301 849 362 ruretenent,
1066 343 1074 352 .
1199 303 1254 360 255
1354 282 1359 290 ¹

116 429 187 492 etio:
208 425 366 508 Quomodo
385 427 558 508 imputatum
577 423 662 489 inerit
680 425 735 507 ipsi
743 423 867 488 Phincos
887 438 977 486 unum
996 423 1104 488 fucinus
1124 427 1155 490 lu
1174 427 1253 490 iustb
1303 491 1305 498 ,

17 513 19 520 '
115 513 195 572 tium.
235 505 343 570 Pardus
362 505 450 570 Rom.
468 507 499 582 4,
516 512 546 568 2.
570 506 632 566 solu
656 505 713 566 lide
731 504 876 566 iustificari
896 503 1030 584 homines,
1066 505 1163 572 rubet:
1186 511 1253 589 quin

116 591 255 670 scripturn
276 595 330 663 est,
350 587 479 648 Credidit
497 585 643 648 Abrubcm
664 584 738 662 Deo,
758 591 788 645 ot
807 587 980 665 imputatum
999 587 1024 646 ei
1044 527 1099 646 iuis
1117 587 1153 647 ud
1173 588 1253 649 iusti·

116 671 197 732 tium
217 667 327 728 Eodem
342 667 432 728 verbo
446 666 506 726 illic
521 664 724 726 ntiturllosee.
743 662 826 726 Nunc
845 667 870 724 si
890 671 990 728 contro
1008 665 1085 727 idem
1104 665 1140 726 de
1159 670 1254 748 operi.

117 747 172 808 bus
191 750 323 828 excipere
342 747 436 819 licent,
454 765 514 808 non
533 743 646 806 infirma
664 752 776 806 tuntum
794 745 850 807 erit
867 742 951 806 Pauli
970 745 1053 817 ratio,
1072 745 1123 808 sed
1141 746 1254 810 lrivclc.
1306 765 1311 774 '

117 827 217 888 Primo
238 827 392 888 ridendum
416 833 460 886 ost
483 845 521 886 un
542 823 662 888 Phineos
682 845 740 886 uuo
761 843 847 906 opere
866 825 1000 888 iustitium
1019 822 1139 908 adeptus
1158 829 1253 889 luerit.

118 907 206 968 Certe
224 906 302 980 ltux,
320 909 431 966 edumei
449 906 627 984 inmineret,
650 925 709 967 noo
727 912 824 966 tumen
843 904 961 985 singulis
979 905 1113 987 operitus
1133 908 1254 972 satutem

118 988 269 1068 promittit,
295 986 343 1062 sed
365 987 500 1046 iustitium
520 985 597 1046 locut
615 986 645 1046 iu
664 984 789 1065 perlecta
808 982 1007 1048 observatione
1026 985 1154 1048 omnium
1194 1007 1253 1048 reo-

118 1073 281 1147 ceptorum.
322 1064 422 1126 Restet
445 1084 514 1145 ergo
540 1073 573 1125 nt
596 1063 738 1140 dicemus,
761 1065 816 1144 ipsi
837 1063 957 1126 Phineos
976 1066 1149 1146 imputatum
1167 1009 1255 1132 puisse

118 1165 194 1226 opus
212 1165 298 1204 suum
318 1145 355 1206 od
373 1145 522 1212 iustitium:
547 1143 630 1204 sicuti
650 1142 732 1204 Deus
755 1163 844 1226 opero
869 1142 999 1206 fidelibus
1022 1165 1082 1206 nou
1100 1146 1254 1210 inb'iuscco

119 1226 239 1298 merito,
267 1223 317 1286 sed
343 1226 430 1306 gretie
455 1225 486 1284 iu
510 1225 644 1284 iustitium
669 1225 800 1303 imputat.
840 1221 914 1284 Nom
935 1243 1029 1304 quum
1048 1225 1110 1285 sole
1129 1227 1254 1307 perfeeto

119 1303 205 1384 Legis
224 1302 386 1364 observatio
402 1321 475 1383 quoe
489 1321 631 1382 nusquam
644 1303 793 1384 reperitur,
812 1303 849 1364 sit
868 1303 981 1378 iustitis,
1001 1305 1134 1366 mortales
1154 1325 1254 1368 omues

92 1409 97 1422 ·
119 1383 256 1444 confusos
275 1383 312 1444 nd
333 1382 390 1444 Dei
408 1382 532 1444 tribunal
552 1384 643 1444 iecere
662 1401 777 1443 necesse
796 1389 848 1442 est.
887 1381 954 1444 lluc
972 1385 1081 1446 amedu
1100 1385 1179 1464 quod
1198 1389 1255 1447 eiu.

118 1463 187 1544 gula
211 1481 313 1545 opere,
342 1463 367 1524 si
386 1469 526 1524 vocentur
550 1461 585 1522 od
611 1479 746 1536 oxomen,
775 1461 951 1542 reperientem
966 1481 1068 1538 *naevo
1087 1468 1186 1545 utiquo
1206 1465 1255 1526 ad·
1336 1469 1339 1478 '

117 1559 226 1640 speres.
264 1541 404 1623 Superest
428 1543 515 1622 igitur
546 1541 661 1604 unicum
691 1540 804 1619 asylum
828 1543 858 1602 in
876 1547 999 1622 guture
1018 1539 1077 1602 Der
1095 1564 1254 1606 mrserrour·

16 1627 19 1636 ’
117 1622 174 1682 dre.
194 1620 354 1682 Porrouon
369 1621 462 1682 solum
478 1622 532 1702 ipsi
546 1622 683 1684 iustitium
701 1619 854 1701 grutisiide
864 1621 1075 1701 consequimur,
1094 1623 1255 1704 suiquem-

118 1701 276 1763 admodum
311 1700 408 1764 lumen
441 1721 526 1762 suum
560 1706 708 1764 mutuetur
731 1698 813 1762 lune
835 1698 957 1774 asnis,
985 1702 1026 1760 itu
1054 1702 1154 1766 nudem
1183 1704 1255 1766 lidos
1280 1769 1284 1776 ,

117 1800 207 1862 opere
232 1800 349 1861 qnoque
368 1787 465 1848 nostru
485 1780 632 1842 iustificat:
660 1779 729 1859 quio
753 1778 864 1842 abolitis
883 1781 960 1842 viliis
983 1781 1059 1842 ineu
1077 1789 1254 1863 reputantur.

118 1859 255 1941 Denique
274 1867 335 1920 tom
354 1861 482 1956 personis
502 1879 588 1940 qurum
608 1859 741 1940 oporibus
760 1860 881 1922 iustitieo
899 1860 1024 1934 titulum,
1043 1881 1103 1924 uou
1123 1863 1255 1944 dignitas,

117 1938 1257 2114 struuntur„utututuurltuuu

10 2181 16 2192 ἡ
119 2101 195 2183 cipis
209 2101 300 2196 'sumit
318 2119 393 2182 quoe
412 2103 470 2196 ium
483 2101 578 2196 ,attigi
602 2101 713 2194 iustitie
728 2099 844 2195 destitrd
861 2105 983 2195 curuos
999 2103 1144 2174 mortales,
1163 2105 1256 2167 donec

119 2177 1256 2344 ttttltltttttttltltttlttt‘tttttttl‘tlttllttl

121 2349 172 2402 tur
190 2357 308 2422 operum
328 2343 443 2402 iustitio.
464 2339 563 2418 liuere
583 2341 684 2406 merito
704 2339 850 2402 concludit
868 2341 930 2400 solo
949 2339 1007 2402 fide
1026 2361 1079 2402 nos
1098 2343 1254 2406 iustificari.

120 2421 198 2482 Huic
223 2442 291 2481 vero
314 2423 435 2518 iustitiae
459 2421 689 2517 subalternuest
720 2423 768 2495 (ut
792 2419 977 2515 loquuntur).
1050 2441 1115 2517 rum
1140 2425 1256 2500 iustitie,

120 2501 564 2665 ddiepddhissusdefflrldpdtdtrfmur
589 2521 643 2564 ιιιιι
668 2520 706 2563 ex
726 2517 803 2562 merc
822 2499 997 2582 mdulgcnba
1062 2523 1086 2578 ι,
1115 2511 1255 2612 quatenus

130 2785 136 2808 ,
209 2729 264 2796 32.
297 2727 339 2796 Et
365 2737 619 2820 provocaverunt
644 2728 684 2798 sd
705 2727 897 2801 iracundiam
920 2751 1015 2821 super
1036 2753 1133 2821 equus
1156 2731 1255 2823 iurgii,
1303 2719 1367 2832 ='=

122 2847 155 2906 et
175 2835 259 2904 mule
280 2835 373 2904 cessit
394 2835 454 2926 ipsi
469 2835 553 2902 lllosi
576 2844 704 2926 propter
722 2857 794 2902 eos:
816 2836 870 2902 33.
892 2835 974 2920 Quin
989 2837 1256 2907 exacerbaverunt
1278 2869 1280 2878 ·

122 2942 268 3034 spiritum
290 2941 368 3025 eius,
400 2953 432 3010 et
451 2940 605 3032 loquutus
627 2951 677 3009 est
697 2939 786 3008 lobiis
808 2943 884 3010 suis.
928 2935 982 3010 34.
1019 2941 1095 3010 Non
1116 2944 1256 3034 perdide

122 3031 201 3118 runi
219 3047 357 3141 populos
377 3047 417 3116 de
439 3047 554 3139 quibus
577 3047 779 3116 mundaverat
798 3045 858 3116 illis
875 3047 1006 3116 lehove:
1032 3049 1085 3117 35.
1107 3048 1150 3118 Et
1172 3073 1256 3122 cum·

122 3153 208 3224 misti
237 3153 363 3222 inerunt
385 3154 552 3238 Gentibus,
586 3165 618 3222 et
644 3155 819 3222 didicerunt
846 3175 941 3246 opere
963 3177 1088 3223 eorum:
1131 3157 1185 3224 36.
1212 3155 1256 3226 Et
1314 3153 1320 3174 ‘

122 3260 298 3328 servierunt
318 3261 491 3328 simulacris
514 3283 635 3344 eorum,
657 3271 690 3328 et
712 3259 838 3327 luerunt
855 3259 915 3326 illis
930 3259 964 3326 in
980 3259 1113 3330 ruinam.
1136 3261 1189 3332 37.
1213 3261 1256 3332 Et

122 3365 374 3442 unificovoruut
398 3365 481 3436 filios
508 3389 584 3436 suos
612 3377 644 3435 et
671 3366 749 3434 srlius
777 3387 851 3434 suus
872 3365 1091 3436 doemonibust
1135 3369 1189 3436 38.
1213 3369 1279 3448 Er,
1302 3387 1305 3396 ’

6 3529 8 3538 .
122 3472 301 3542 effudenmt
326 3473 512 3564 sanguinem
538 3474 720 3557 innoxium,
747 3471 931 3562 sanguinem
958 3471 1095 3540 liliorum
1123 3497 1256 3543 suorum

123 3590 157 3647 et
176 3579 310 3646 filiarum
332 3603 475 3664 suorum,
498 3603 580 3670 quos
602 3579 853 3650 sacrificaverunt
874 3575 1068 3670 sculptilibus
1090 3577 1274 3648 Chonaanx‘

123 3695 157 3753 et
178 3683 299 3776 pollute
322 3697 371 3754 est
392 3696 474 3754 terra
497 3685 709 3778 sungrriuibus.
755 3685 810 3752 39.
843 3681 887 3750 Et
912 3683 1104 3778 coiuqrrinnti
1126 3685 1256 3757 suntin
1317 3757 1323 3768 x

123 3791 272 3884 operibus
294 3791 372 3858 suis:
400 3802 432 3859 et
453 3791 594 3860 lornieoti
615 3793 744 3860 suntin
766 3789 877 3858 studiis
898 3790 975 3861 ιιιὶι.

203 3939 252 4000 32·
282 3939 324 3996 Et
345 3945 587 4018 procucurrerunt.
627 3933 743 3998 Novum
772 3938 878 4000 crimen
902 3945 1039 4014 recenset,
1068 3938 1146 4020 quod
1166 3939 1255 4022 litigo·

123 4016 219 4076 verint
237 4035 304 4078 cnm
324 4015 389 4078 Deo
410 4016 445 4076 ad
464 4033 553 4094 equos
572 4016 670 4096 iurgii,
699 4016 775 4078 undo
794 4023 823 4077 et
842 4019 923 4078 loeus
943 4038 1048 4080 nomen
1066 4022 1183 4080 sortitus
1202 4028 1257 4080 est.

124 4093 265 4172 Quamvis
280 4096 357 4158 euim
370 4097 436 4156 risu
451 4101 549 4154 contro
558 4093 657 4156 bloeon
673 4097 779 4158 directe
798 4105 928 4178 suscepte
947 4098 1042 4172 fuerit,
1061 4105 1142 4159 erent
1160 4103 1255 4160 tumen
1333 4123 1338 4136 ’

122 4175 152 4234 iu
163 4172 459 4254 Deumtnmultuosi,
479 4175 502 4233 ei
522 4193 607 4236 muse
627 4183 703 4236 reete
721 4177 899 4256 expenditur.
918 4177 1016 4258 Atque
1035 4185 1068 4237 ut
1085 4179 1177 4259 magis
1196 4180 1257 4240 cul-
1311 4224 1314 4240 .

123 4272 191 4332 pem
211 4255 460 4334 exaggerebssdicit
473 4252 571 4316 llloscn
592 4261 708 4336 propter
727 4275 776 4317 eos
796 4257 870 4318 mule
889 4257 977 4318 luisse
995 4257 1156 4318 multotum.
1179 4257 1256 4320 Hirro

123 4342 219 4394 eutem
238 4335 379 4414 colligitur
398 4335 521 4418 gravitas
541 4335 676 4410 ollensus,
694 4335 774 4414 quod
792 4335 873 4397 Deus
896 4356 934 4399 ue
952 4335 1121 4398 electissimo
1141 4337 1258 4419 quidem
1363 4333 1375 4350 ’

124 4431 208 4478 servo
233 4433 287 4474 suo
311 4415 478 4496 pepercerit.
524 4413 641 4476 Certum
666 4415 782 4495 quidem
805 4424 849 4478 est
868 4415 968 4478 blesen
992 4435 1085 4499 poene
1102 4417 1151 4479 llle
1169 4418 1257 4486 luisse
