2890 4886
554 285 870 328 raresusr.cs·s.
1221 286 1275 343 245
1385 313 1391 324 ,

141 410 173 470 in
202 407 279 470 dican
307 409 464 468 continuum
504 405 680 490 Quanquam
708 427 768 470 uon
793 405 849 470 boc
871 406 926 468 sibl
950 409 1082 489 privatim
1103 415 1194 491 optat:
1225 411 1274 472 sed

142 485 326 567 e'orpmuuem
345 488 435 570 totius
454 484 598 548 Ecclesiae
616 487 732 548 nomine
750 487 942 570 precationem
962 489 1099 585 concipit,
1128 495 1160 550 nt
1178 489 1275 550 lideles

142 569 273 629 instituat
292 585 345 626 suo
364 565 497 650 exemplo
516 565 552 626 ad
572 565 647 628 ideur
666 567 830 650 petendum.
868 570 1031 643 Memento,
1048 570 1150 649 mquit,
1168 573 1225 630 mei
1238 577 1276 630 'iu

143 645 321 728 benepluffito
335 648 443 726 populi
461 654 520 720 tot,
538 644 596 706 boc
614 653 667 722 est,
685 647 731 708 luc
749 653 783 706 nt
802 647 941 727 gratuitus
958 647 1042 708 favor
1060 667 1118 730 quo
1136 645 1279 729 populum

143 735 227 786 tunm
247 725 380 806 dignaris,
399 721 436 784 ad
455 735 505 794 atre¹
522 726 682 806 mental,
705 745 743 786 ue
761 726 904 806 disiungere
923 724 959 786 ab
977 725 1113 804 Ecclesia,
1132 727 1182 792 scd
1201 747 1276 788 unus
1406 783 1408 790 ,

143 821 262 866 censeor
283 823 322 864 ex
345 810 464 864 tuorum
486 823 617 866 numero.
656 803 730 868 Nom
755 805 962 888 beneplacitum
980 797 1211 888 populi'passive
1229 827 1275 867 su·

143 887 232 946 utitur
250 903 304 964 pro
324 881 475 944 dilectione
494 881 641 963 qnaDeus
659 885 766 946 electos
786 887 872 962 metis
891 885 1079 968 amplectitur.
1102 883 1277 968 Quanquam

184 964 412 1042 metonymiam
432 963 564 1024 transfert
582 962 922 1046 baucvooeunl’ropbeta
939 965 976 1025 ad
995 965 1075 1046 signe
1093 967 1197 1028 amoris
1209 964 1277 1026 Deis

144 1062 221 1183 ham
250 1042 330 1123 quod
358 1041 479 1137 petiam
507 1061 590 1138 suam
608 1041 689 1140 Deus
718 1063 787 1105 sue
817 1046 879 1125 ipse
898 1051 927 1106 el
947 1044 1277 1141 experimentiouprobant,
1404 1091 1410 1115 2

167 1142 203 1183 oo
226 1139 266 1181 ex
291 1121 371 1183 loute
394 1121 444 1181 rllo
464 1123 676 1203 graturlollust.
718 1122 808 1184 Porro
827 1141 968 1185 summam
986 1142 1071 1184 verse
1087 1123 1228 1186 lelrertalsa
1247 1143 1277 1184 ua
1400 1167 1405 1176 ·

145 1221 181 1263 eo
201 1201 301 1262 statuit
311 1199 464 1296 Propheta,
484 1201 507 1260 si
527 1207 676 1263 censeatur
693 1200 789 1263 inDei
809 1202 930 1284 populo:
949 1203 1015 1283 qnia
1034 1202 1091 1263 hoc
1109 1203 1196 1266 modo
1214 1221 1276 1264 sen-

144 1278 304 1342 tietDcum
323 1279 377 1340 sibu
395 1297 457 1340 esee
476 1282 630 1364 propitium
650 1281 722 1363 (qno
736 1279 808 1342 nibil
827 1281 978 1363 optabilius
997 1283 1054 1358 est)
1073 1289 1187 1344 etcum
1206 1301 1277 1364 quo·

145 1379 204 1443 que
227 1357 375 1420 liberalem
399 1361 509 1420 sentiet.
547 1357 727 1436 Recordaadi
750 1359 870 1422 uerbum
894 1361 931 1422 nd
950 1362 1189 1424 circumstantium
1207 1367 1280 1423 tem-

144 1443 224 1524 peris
242 1439 379 1500 mlertur:
399 1441 467 1519 quia
485 1440 515 1499 iu
534 1439 592 1500 tine
610 1439 770 1501 videbimus
788 1441 819 1502 iu
838 1441 913 1500 bisti
930 1447 960 1502 et
977 1441 1159 1504 caleumitoeo
1179 1441 1279 1524 populi

143 1527 222 1580 statu
240 1520 430 1600 compositum
449 1518 536 1580 luisse
554 1519 633 1580 bunc
648 1518 811 1596 helmum,
836 1526 870 1580 ut
887 1519 1018 1582 fidelibus
1042 1521 1178 1604 obrepere
1197 1520 1279 1582 dubi·

144 1601 216 1661 totto
236 1605 333 1680 posset
352 1617 384 1662 se
402 1597 539 1660 oblivium
558 1617 620 1660 esee
629 1600 756 1661 nuditus.
775 1597 886 1674 Eodem
904 1606 1014 1680 spectat
1031 1602 1172 1682 posterius
1190 1619 1279 1662 meur·

145 1680 244 1753 buum,
268 1685 359 1740 cisitu
382 1699 428 1740 use
446 1686 479 1739 tu
497 1681 594 1740 solute
611 1689 675 1745 tue.
715 1677 837 1740 Visittre
856 1680 932 1740 euim
952 1677 1032 1740 Deus
1052 1682 1164 1744 videtur
1181 1699 1197 1740 a
1217 1680 1279 1760 qni·

145 1760 200 1819 bne
218 1775 250 1818 se
269 1761 299 1817 iu
320 1757 444 1838 speciem
463 1756 612 1820 subduxit:
632 1759 837 1832 subeuntem,
856 1765 901 1819 est
919 1757 1085 1842 beneplaciti
1105 1759 1280 1822 demonstra·

145 1840 199 1898 tio.
240 1835 375 1917 Conterit
392 1835 514 1897 eandem
531 1839 700 1900 sententiam
717 1855 805 1898 versu
825 1840 977 1919 proximo,
996 1848 1031 1900 set
1049 1841 1163 1900 nidenan
1182 1849 1216 1900 tu
1233 1840 1279 1900 be·

145 1921 267 1996 licentio
291 1917 448 1978 electorum
472 1923 599 1978 teones
639 1917 744 1978 Socios
763 1918 840 1977 enim
858 1924 890 1979 et
907 1935 1026 1980 consors
1044 1920 1105 1980 eius
1125 1918 1279 1980 beneficen-

145 2000 203 2058 tiae
231 1995 294 2056 lieci
322 1997 403 2077 eupit
431 2013 519 2076 quam
547 2015 660 2077 semper
683 1997 794 2078 expuli
818 2003 884 2058 eunt
909 1998 991 2059 electi
1010 1995 1077 2058 Dei.
1116 2001 1282 2080 Adspeetsu

145 2077 229 2142 enim
252 2095 307 2160 pro
331 2075 466 2136 fruitione
485 2075 611 2156 eapitur,
639 2083 675 2136 ut
692 2076 761 2136 otis
778 2082 880 2136 notum
900 2065 957 2136 ista
988 2083 1020 2138 nt
1032 2071 1144 2138 'Videre
1162 2095 1283 2156 regnum

146 2155 219 2231 Dei,
238 2155 316 2216 loen.
338 2157 374 2229 3,
392 2159 421 2218 3.
441 2153 547 2214 Videre
565 2152 673 2214 bonnm
692 2162 723 2215 ct
741 2157 844 2230 vitam,
869 2160 896 2218 1.
912 2155 976 2216 Pet.
996 2159 1093 2230 3,10.
1133 2153 1283 2216 Felluulur

147 2238 226 2297 enim
244 2236 296 2316 qui
313 2239 477 2316 exponunt,
502 2239 536 2294 ut
555 2233 666 2294 videam
685 2240 716 2293 tc
734 2233 830 2295 electis
850 2233 1029 2296 benefaceret
1053 2235 1169 2314 quondo
1188 2253 1283 2316 neque

67 2375 72 2391 ,
148 2315 279 2397 superior
297 2333 395 2374 versus
415 2313 491 2375 unde
511 2312 559 2374 bie
578 2312 727 2396 dependet,
746 2314 949 2375 sensumbnnc
961 2315 1096 2379 admittit:
1115 2321 1145 2374 et
1156 2331 1282 2395 quaeso-
1362 2310 1366 2328 ⁴

146 2400 283 2476 undatur,
300 2395 507 2476 expositionem
527 2411 613 2474 qnam
632 2393 714 2455 attuli
733 2391 912 2455 confirmant.
931 2398 1040 2456 Laeter
1058 2402 1091 2457 is
1103 2396 1217 2456 luduin
1251 2415 1281 2456 o·

145 2475 212 2558 poli
234 2483 293 2554 tasi,
317 2483 345 2536 ei
363 2476 479 2556 glorier
503 2495 570 2534 cuns
588 2475 767 2534 beneditcio
785 2482 850 2542 luo.
888 2472 966 2534 Sulis
985 2474 1061 2534 euim
1080 2479 1193 2534 constet
1237 2493 1283 2534 ro-

147 2553 336 2636 pbetamsibi
355 2553 496 2614 bonorum
516 2551 644 2612 omnium
664 2554 829 2613 aodetalem
848 2559 948 2634 optare
959 2573 1034 2614 cum
1049 2551 1153 2625 electis,
1173 2551 1282 2616 nanee

148 2655 208 2696 nno
228 2639 387 2707 cunenses,
406 2632 487 2692 beete
506 2639 536 2692 et
554 2631 673 2692 feliciter
691 2631 744 2692 sub
763 2632 825 2692 eius
844 2633 986 2714 praesidio
1007 2633 1100 2714 degat.
1139 2630 1282 2711 Quamvis
1382 2689 1386 2699 .

148 2721 244 2776 autem
268 2721 338 2773 tune
356 2713 458 2774 misera
478 2719 552 2772 esset
570 2709 714 2773 Ecclesiae
732 2709 868 2788 conditio,
887 2714 916 2774 iu
935 2711 1020 2774 rebus
1040 2719 1136 2772 tamen
1156 2711 1282 2774 conlucis

148 2793 206 2856 buc
228 2793 398 2875 principium
422 2792 525 2854 retinet
543 2787 702 2874 Propheta,
725 2789 797 2853 nihil
816 2809 879 2853 ease
898 2791 998 2854 melius
1018 2811 1105 2872 quam
1124 2793 1233 2854 censeri
1252 2791 1282 2854 in

148 2871 607 3014 sternuentes
620 2872 878 3032 “iffniiiii
890 2872 1291 3014 wilibisi

148 3053 208 3114 quo
227 3031 308 3092 Deus
327 3031 483 3092 Ecclesiam
506 3049 589 3092 snam
612 3049 726 3112 semper
749 3037 871 3092 tractam
895 3031 996 3094 solitus
1015 3037 1068 3095 eet.
1107 3031 1205 3114 Atque
1225 3030 1283 3092 hoe

148 3133 238 3173 unum
258 3111 311 3172 sibi
330 3111 463 3172 sufficere
480 3117 610 3184 testetur,
629 3130 688 3172 uon
708 3108 804 3172 divelli
822 3130 876 3172 neo
894 3113 1017 3194 separari
1037 3131 1053 3172 u
1073 3109 1282 3174 communiEe

148 3193 252 3254 etesiae
275 3197 361 3252 sorte.
400 3191 498 3251 Tacita
521 3191 634 3286 telesim
659 3191 835 3286 querimonia
860 3190 972 3286 submi,
1002 3191 1081 3288 quod
1099 3189 1181 3288 Deus
1200 3190 1281 3254 boui·

149 3279 237 3334 tutem
256 3277 427 3334 sermome
446 3268 610 3354 probrberet
629 3267 665 3331 ab
684 3265 812 3334 uetera
831 3269 944 3349 omres,
961 3290 1021 3334 acer
1039 3287 1104 3335 eum
1116 3269 1281 3334 abdicasset.

240 3545 272 3613 6.
295 3543 500 3631 Peccavimus
522 3569 595 3616 cum
618 3543 761 3614 Patribus
781 3544 906 3628 uostris,
928 3543 1036 3636 iniquo
1059 3542 1192 3636 egimus,
1213 3559 1282 3608 sce·
1372 3541 1379 3556 ‘

151 3637 247 3720 lerate
274 3675 335 3722 nos
362 3651 527 3744 gessimus
573 3653 604 3720 7.
626 3651 737 3720 Patres
763 3651 864 3720 nostri
885 3651 919 3720 iu
940 3649 1086 3742 Aegypto
1109 3671 1176 3718 nou
1196 3645 1285 3714 intel

150 3757 297 3826 terserunt
323 3757 475 3826 mirabilia
502 3769 570 3827 tua:
598 3781 666 3828 uon
693 3757 845 3828 recordati
873 3767 948 3824 sunt
968 3753 1176 3826 multitudiuis
1197 3751 1285 3820 uonta
1335 3765 1340 3776 ’

143 3865 250 3932 'tatum
275 3874 416 3932 tuarum:
449 3875 482 3933 et
507 3861 640 3934 rebelles
668 3865 796 3934 tueumc
822 3863 863 3956 ad
883 3861 989 3950 Mare,
1021 3861 1055 3930 iu
1075 3859 1156 3928 Meri
1177 3855 1283 3926 rubr'o

149 3972 181 4038 8.
204 3969 248 4038 Et
278 3971 416 4039 servavit
450 3994 506 4040 eos
539 3981 669 4062 propter
696 3991 816 4044 nomeu
838 3991 951 4061 snum,
972 3979 1018 4036 ¹ut
1038 3975 1148 4035 notam
1168 3963 1285 4032 iaceret

145 4081 322 4168 potentiam
344 4101 444 4144 snam.
478 4077 511 4144 9.
533 4076 576 4146 Et
596 4075 752 4169 increpuit
766 4073 855 4145 Mare
876 4075 1017 4158 rubrum,
1037 4084 1071 4142 ei
1092 4071 1284 4140 exsiccatum

147 4195 209 4252 cst:
232 4193 264 4252 et
286 4182 447 4252 ambulare
469 4183 541 4252 lecit
563 4205 620 4252 eos
640 4181 675 4251 in
696 4181 818 4275 abyssis
840 4182 922 4252 sicut
941 4179 976 4250 iu
998 4180 1132 4248 deserto.
1167 4177 1219 4245 10.
1241 4174 1284 4244 Et

82 4316 86 4329 ·
147 4291 287 4360 mevit
314 4312 371 4358 eos
394 4311 412 4356 e
434 4311 530 4356 uranu
551 4287 668 4375 hostis,
712 4300 745 4360 et
765 4287 898 4369 redemit
919 4309 976 4358 eos
998 4309 1017 4356 e
1038 4307 1136 4354 manu
1156 4281 1283 4368 inimici.
