2844 4882
869 217 874 242 Ι

186 272 239 330 4³ss
626 271 910 336 concisus
1009 243 1011 249 ¹

135 451 142 470 .
188 403 237 475 est
257 393 426 461 ablactatus
449 411 544 483 super
565 397 698 460 matrem
720 413 825 472 marn,
853 392 936 460 sicut
955 378 1127 461 ablactatus
1149 413 1250 483 super
1272 413 1328 482 me

101 567 106 575 ,
165 499 291 568 ·auimu
313 521 394 586 unca.
439 499 470 564 3.
504 496 617 600 Speret
638 496 732 566 lsraiil
760 499 791 563 in
814 497 965 565 lehovsun
993 516 1034 566 ex
1057 521 1142 566 nunc
1165 507 1198 565 et
1221 519 1329 586 neque

188 603 394 672 insecutum.

168 893 172 902 ,
191 751 571 912 qdidiihlgitltileoriifpotiii‘u
586 745 1330 928 milippro'pnpppegpptlstpugppe]p'hlptnsmtglpppufipllpffi

191 915 243 983 est,
261 908 336 967 curis
357 907 487 968 omnihus
507 905 603 968 valere
622 909 713 968 russis.
738 927 811 988 quae
832 905 996 968 ambitiosos
1017 909 1146 967 homines
1165 906 1330 986 inquietare

191 987 297 1062 solent,
325 991 493 1068 parvitatem
518 1007 635 1048 amasse.
676 985 753 1067 Quis
778 995 873 1046 aulem
899 1005 943 1046 res
978 992 1021 1052 est
1050 985 1173 1048 difficilis
1203 983 1329 1059 creditu,

191 1065 371 1162 iureiurando
392 1067 563 1162 confirmata·
585 1066 620 1128 do
640 1070 721 1128 cuius
740 1067 832 1184 forma
852 1066 916 1125 alibi
935 1065 1043 1162 dictum
1069 1067 1139 1164 luit,
1165 1082 1236 1161 nem
1261 1063 1330 1201 sudh-

192 1147 583 1307 ttitlltlm'tttttttff
597 1145 1331 1308 tibitibi'i0ltt'tlulttt“6u“t¹2t

192 1305 279 1364 verbu
299 1299 417 1386 special,
428 1329 543 1446 ponere
562 1315 694 1367 unimam
713 1315 809 1367 tacetur
825 1314 921 1406 pueri,
945 1305 990 1366 ‘est
1008 1323 1072 1366 eum
1092 1305 1216 1366 formate
1238 1309 1274 1364 nl
1294 1304 1331 1361 si·
1398 1347 1399 1350 ,

193 1385 266 1444 milis
286 1388 331 1444 sit.
353 1384 426 1445 Dein
446 1405 463 1445 e
481 1385 639 1446 ostenditur
657 1405 714 1467 qua
733 1387 761 1444 in
782 1405 823 1456 re,
842 1403 944 1465 nempe
965 1385 1174 1466 ut·quiesceret
1192 1385 1224 1443 in
1244 1382 1330 1442 silen-

182 1465 241 1524 lio.
272 1462 324 1526 list
342 1467 417 1529 enim
437 1469 583 1536 infimi
603 1465 721 1526 verbum
746 1466 915 1546 quadratum
941 1483 956 1523 a
977 1469 1055 1536 nti,
1081 1463 1158 1544 quud
1179 1463 1332 1523 transitive

193 1543 252 1604 soci
274 1545 330 1604 itur
348 1543 533 1626 proicogere
556 1545 592 1605 ad
618 1545 769 1606 silentium.
815 1542 905 1605 Porro
936 1544 1010 1604 istud
1040 1553 1183 1627 pectem
1212 1541 1331 1604 lec-vidis

193 1631 239 1682 stu
262 1623 293 1683 iis
313 1625 477 1702 opponitur,
498 1623 599 1704 quihus
620 1643 651 1683 se
670 1624 752 1683 multi
772 1629 902 1684 ettutum
920 1623 1058 1684 mundum
1072 1623 1250 1684 tumultuose
1265 1641 1330 1702 pe·-

193 1703 317 1762 turhaut.
345 1701 459 1763 lnicntis
479 1705 561 1784 pueri
580 1703 733 1764 similitudo
754 1704 819 1764 alibi
839 1706 869 1764 in
890 1705 958 1763 vitiu
979 1705 1101 1784 ponitur·
1126 1701 1217 1767 *Nam
1238 1719 1332 1782 qnum

195 1781 296 1840 dicitur
316 1779 419 1842 lectiae
439 1784 487 1856 28,
508 1787 535 1846 9.
576 1781 671 1860 Quem
696 1779 804 1844 docebo
830 1785 996 1844 selemiam?
1024 1782 1163 1844 abductos
1194 1799 1213 1841 u
1238 1781 1331 1841 leole?

195 1861 310 1920 evulsos
330 1861 365 1921 nh
385 1861 537 1922 uberibus?
575 1861 632 1922 Pro
654 1861 720 1922 heta
739 1863 838 1923 odiose
857 1865 954 1943 populi
975 1863 1134 1924 tarditatem
1154 1860 1332 1942 perstringit,

127 1965 137 1972 ·
195 1941 254 2000 acsi
271 1940 361 1999 nihilo
380 1949 455 2002 esset
474 1942 511 2001 ud
530 1883 652 2003 discernil

195 2018 302 2079 bimuli.
323 2019 381 2080 Sed
393 2020 621 2082 eudem-ratione
641 2021 688 2082 hio
706 2022 753 2080 lau
792 2029 839 2081 tur
858 2022 1021 2102 simplicitas
1041 2039 1099 2102 que
1109 2021 1176 2083 dicit
1186 2018 1332 2092 cumeae,

195 2095 298 2160 lllutth.
319 2103 367 2172 18,
387 2101 416 2162 3.
437 2098 497 2160 Nisi
516 2103 577 2162 sitis
596 2119 686 2182 puero
706 2101 774 2161 huic
792 2101 911 2174 similes,
939 2122 999 2162 nun
1024 2103 1151 2182 poteritis
1170 2099 1284 2179 ingredi
1301 2101 1331 2158 in

196 2197 316 2258 reguum
337 2178 400 2239 Dei.
440 2179 508 2240 Inde
532 2188 627 2242 autom
651 2183 766 2243 insanae
788 2181 972 2262 cupiditates,
1002 2181 1081 2264 quod
1106 2179 1237 2242 homines
1256 2179 1333 2240 ultra

197 2277 283 2338 quarn
308 2277 360 2339 pur
384 2259 434 2332 sit,
463 2277 563 2340 sapere
586 2269 615 2320 et
639 2261 752 2342 providi
770 2279 832 2321 esse
851 2278 867 2319 a
890 2267 1002 2344 petunt.
1039 2260 1107 2321 ldeo
1126 2261 1205 2320 addit
1224 2257 1332 2332 David,

196 2346 299 2398 animo
317 2361 381 2398 uteo
400 2359 489 2420 super
507 2364 553 2400 me
572 2340 692 2420 quievitt
720 2361 779 2399 non
804 2281 887 2419 quoi
909 2341 1030 2422 propriis
1050 2340 1158 2401 viribus
1181 2339 1331 2412 niteretur,

197 2416 247 2476 scd
266 2417 333 2496 quia
352 2417 482 2478 animum
497 2420 583 2480 nullis
602 2419 801 2501 cupiditatibus
821 2421 956 2501 agitatum
977 2419 1086 2500 placido
1105 2426 1136 2480 et
1153 2421 1282 2480 condier
1301 2420 1330 2478 in

197 2496 260 2557 sinu
278 2496 401 2558 fovebat.
441 2495 565 2560 Notatur
583 2501 658 2560 enim
677 2497 824 2560 antithesis
842 2504 915 2560 inter
936 2519 1023 2581 vagos
1042 2507 1073 2562 et
1090 2499 1243 2573 erratiobs,
1270 2500 1329 2558 imo

197 2576 337 2636 violentos
356 2596 458 2639 eorum
477 2577 581 2664 mutui,
602 2580 652 2658 qui
672 2586 749 2640 sorte
768 2596 820 2639 sua
834 2597 892 2640 noo
903 2583 1043 2655 contenti,
1063 2599 1125 2642 sese
1140 2585 1247 2639 temere
1260 2598 1326 2658 pro

197 2655 310 2728 ficiunt,
339 2664 369 2718 et
393 2657 506 2736 piorum
530 2658 697 2718 modestiam
723 2659 772 2740 qui
797 2657 827 2718 in
846 2657 904 2718 Dei
923 2661 1073 2722 vocatione
1095 2657 1240 2738 tranquilli
1256 2659 1324 2717 resi·

115 2782 119 2788 .
196 2735 272 2795 dent.
293 2733 352 2796 lim
372 2755 408 2796 ex
428 2737 609 2798 conclusione
628 2744 707 2818 patet
748 2757 864 2798 norsum
883 2738 1107 2814 asserutDavid‚
1126 2735 1245 2798 nihilne
1262 2755 1327 2796 car·

196 2817 241 2876 nis
260 2815 386 2897 impulsu
405 2815 491 2877 luisse
510 2837 680 2900 aggressum.
706 2759 789 2878 liin
807 2819 951 2880 Isroilem
968 2813 988 2879 ε’
1003 2841 1087 2882 erare
1106 2821 1224 2880 tu'Deo.
1242 2815 1331 2876 terta

199 2894 322 2977 obrupta
341 2901 416 2956 esset
436 2899 535 2972 oratio,
555 2897 608 2956 nisi
629 2898 695 2976 quia
715 2896 751 2956 ad
770 2893 949 2958 commu'nem
996 2900 1113 2962 eclesiae
1131 2897 1254 2959 salutem
1272 2915 1333 2956 ma-

198 2975 1243 3138 tilithi‘tititltttblbtlbt'tilttt'lttttmttz
1262 2978 1337 3116 itt

198 3140 274 3192 certe
298 3134 405 3216 optima
431 3134 562 3214 sperandi
586 3135 673 3209 ratio,
703 3134 752 3196 ubi
776 3135 868 3196 sobrie
893 3144 923 3197 et
946 3138 1090 3198 humiliter
1110 3137 1145 3198 de
1163 3137 1248 3202 nobis
1268 3157 1337 3196 sen·

198 3214 310 3292 tientes,
330 3211 399 3274 nihil
419 3216 474 3275 nisi
493 3215 528 3275 de
548 3221 664 3275 auctore
683 3221 713 3276 et
730 3216 919 3298 approbatore
938 3219 1069 3300 cupimus
1088 3217 1135 3280 vel
1154 3215 1307 3279 audemus.

646 1961 760 2002 umsma
781 1944 804 2002 's
822 1941 956 2011 idoneus.
986 1961 1073 2023 quam
1097 1943 1179 2024 pueri
1198 1941 1331 2000 nondum

505 3575 1041 3646 PSAbtttts-cxxxfl.

197 3775 261 3817 Ana.
275 3773 389 3828 Propheta
401 3773 500 3830 quisquis
512 3774 544 3817 sit
554 3774 643 3818 Pasini
655 3781 747 3832 metor,
756 3778 835 3818 sves·
847 3776 870 3816 in
881 3787 976 3829 perum
982 3773 1083 3828 fidelis·
1095 3774 1122 3818 tls
1133 3787 1176 3817 m
1185 3774 1341 3828 malacim

275 3843 425 3900 appellabunt
439 3845 537 3898 Rem·
549 3843 583 3888 oei
594 3845 694 3901 nuptu
706 3844 834 3888 intercidere
850 3859 943 3902 ”pm
959 3845 1033 3900 ebul,
1046 3844 1085 3886 red
1097 3841 1212 3902 utre-§ne
1229 3833 1337 3888 cletitius

275 3929 304 3958 ae
316 3918 412 3956 suatur.
849 3953 853 3958 .

240 4051 406 4122 Canticum
427 4054 592 4146 graduum.
622 4054 650 4122 1.
673 4019 836 4126 Memento
853 4054 970 4123 lehovs
993 4054 1125 4122 Doridis
1146 4075 1221 4122 cum
1245 4054 1337 4120 omni

196 4159 362 4227 afflictione
385 4159 469 4227 eius:
496 4161 527 4228 2.
550 4161 613 4245 Qui
635 4160 902 4246 iuravitlehovac,
924 4161 1013 4229 vovit
1034 4157 1222 4228 fortilscoh.
1245 4158 1278 4224 3.
1297 4158 1335 4226 Si
1398 4222 1399 4238 ,

195 4265 344 4334 introiero
374 4268 408 4332 iu
433 4265 670 4334 tahemaculum
696 4269 812 4336 domus
841 4291 946 4351 mese,
968 4264 995 4335 ci
1017 4265 1209 4335 adscendero
1232 4287 1335 4354 super

165 4379 326 4454 ,stratum
342 4371 414 4440 lecti
431 4371 503 4456 mei,
530 4367 561 4441 4.
584 4371 620 4439 Si
636 4372 753 4442 dedero
769 4395 919 4443 somnum
942 4373 1041 4442 cedis
1064 4373 1153 4456 meis,
1176 4367 1337 4461 palpebris
