2884 4886
505 267 866 328 suessanorum·
1120 323 1125 329 .
1200 241 1255 335 317

116 423 219 468 eorum
238 404 269 464 in
287 409 352 464 utre
371 406 535 462 numeratas
554 387 657 473 smmi,
677 397 793 460 Psalmo
811 398 862 474 56,
880 415 953 458 vers.
974 399 1003 461 9.
1024 397 1169 478 quomodo
1188 419 1255 464 sau·

118 488 234 568 guinem
263 500 432 544 eraumcere
466 481 586 541 sineret?
624 479 686 541 Suo
710 481 719 539 i
740 481 796 539 'tur
819 485 948 558 tempore
966 477 1128 558 implebitur
1145 479 1255 544 Jamiae
1329 515 1337 527 ι

118 566 296 636 vaticinium,
317 568 350 624 ut
368 568 442 622 terra
462 561 611 640 sanguines
630 578 698 618 suos
737 564 840 638 etegat,
858 558 934 618 Jesa.
954 575 1016 638 cap.
1036 563 1090 636 26,
1109 579 1184 620 vers·
1203 566 1254 624 21.

121 645 259 704 &terum
288 648 321 701 nt
338 641 435 700 locum
455 639 554 699 demus
574 639 679 718 gratim
698 638 764 712 Dei,
783 637 933 698 induamus
951 639 1177 700 mansuetudinis
1195 642 1254 721 spi·

118 725 222 784 ritumr
243 722 325 780 sicuti
345 717 491 800 Propheta
510 717 609 778 fideles
628 737 736 779 vocans
755 724 929 789 mansuetos,
948 717 984 777 ad
1003 719 1254 782 ferendumoruclr

119 822 195 864 onos
222 801 302 862 iubet
325 799 399 860 colla
423 797 534 880 placide
557 797 733 874 submittere,
751 805 786 858 ut
810 799 841 858 in
860 797 996 879 patientis
1019 815 1072 858 sua
1092 799 1256 880 possideant
1292 812 1301 821 '

120 885 231 944 animae
250 899 331 953 suas,
350 877 419 940 Luc.
441 883 489 948 21,
511 880 557 940 19.

48 1035 52 1042 ι
200 963 248 1022 16.
273 961 412 1040 Agedum
440 961 558 1054 [cloec.
598 955 689 1017 Sicuti
712 955 845 1050 proximo
870 973 959 1050 versu
980 954 1117 1052 gloriatos
1136 962 1194 1031 est,
1224 955 1255 1018 in

120 1059 174 1182 ii·
184 1034 834 1198 „tttttlttttlt‘t'dittttt
849 1035 1257 1194 iih‘ffiihllissii

120 1200 210 1260 selem
236 1198 408 1270 doctrinam,
437 1198 555 1258 utendo
573 1217 630 1255 suu
648 1197 747 1254 soluto
766 1217 826 1254 ease
846 1194 956 1256 dicens:
990 1197 1056 1276 quia
1077 1207 1151 1254 unus
1170 1197 1257 1256 luerit

119 1298 159 1338 err
183 1297 303 1338 numero
323 1294 472 1337 servorum
494 1275 556 1334 Dei.
594 1277 721 1334 Venerato
741 1281 835 1333 autem
855 1275 995 1344 nominet,
1016 1274 1256 1353 quemadmodum

121 1361 149 1418 si
174 1359 238 1437 quis
263 1354 381 1436 pedibus
406 1361 435 1414 et
454 1352 585 1415 manibus
603 1353 695 1433 ligatis
713 1353 845 1412 trahatur
864 1372 881 1412 a
900 1351 1038 1412 carnifice.
1077 1352 1169 1414 Porro
1189 1355 1256 1414 lihe-
1302 1405 1306 1414 ,

18 1444 32 1466 ’“
122 1439 330 1508 rationissuae
349 1453 464 1495 causam
484 1436 513 1494 in
524 1453 559 1492 eo
569 1439 695 1494 statuens
706 1431 783 1511 quod
793 1451 894 1492 servus
913 1431 969 1492 Dei
979 1433 1073 1505 suerit,
1092 1435 1258 1495 minimeia·

25 2719 30 2730 ·
125 2703 244 2762 unicum
269 2706 329 2760 erat
352 2703 455 2776 altare,
480 2720 502 2762 a
528 2719 547 2780 q

122 1523 184 1576 etat
206 1533 259 1576 sua
283 1515 433 1594 obsequia,
459 1513 508 1574 sed
534 1514 630 1593 potius
648 1513 774 1571 animum
793 1511 880 1572 refert
898 1512 935 1572 sd
955 1515 1105 1591 gratuitam
1125 1512 1181 1574 Dei
1200 1515 1256 1574 cle·

121 1595 261 1656 ctionem:
281 1595 347 1674 quia
367 1595 482 1654 minime
500 1594 529 1653 iu
550 1591 632 1652 nohis
650 1593 737 1651 situm
755 1598 800 1651 est
819 1591 912 1650 iacere
930 1611 983 1652 uos
1005 1589 1061 1650 Dei
1080 1611 1187 1666 meros,
1206 1593 1257 1654 sed

123 1693 161 1734 ex
186 1693 264 1734 mera
283 1675 344 1734 eius
364 1673 516 1753 adoptione
534 1671 617 1732 uobis
637 1672 776 1750 contingit
792 1670 866 1730 haee
883 1671 1020 1751 dignitas,
1053 1670 1179 1751 ideoque
1198 1671 1257 1732 Da·
1292 1697 1319 1732 ,·

123 1755 172 1814 vid
192 1775 251 1813 uon
270 1753 434 1834 simpliciter
451 1755 551 1812 asserit
570 1770 602 1812 se
621 1749 771 1811 luisseDel
790 1769 920 1822 servm,
939 1750 1099 1828 sedfiltass
1117 1755 1260 1814 suctlloer

124 1836 185 1894 acsi
204 1831 324 1902 diceret,
344 1851 375 1890 se
394 1833 451 1892 iam
471 1831 507 1890 ah
528 1839 624 1904 utero,
642 1831 701 1889 imo
721 1838 873 1910 antequam
893 1837 1069 1904 nasceretur,
1094 1831 1123 1890 id
1142 1831 1259 1892 honoria
1325 1841 1328 1848 '

126 1913 215 1972 fuisse
243 1913 387 1991 adeptum.
433 1908 510 1990 Ergo
539 1931 570 1972 se
602 1927 754 1972 commune
783 1909 916 1970 omnihus
945 1909 1094 1990 speculum
1124 1913 1261 1991 proponit

83 1997 87 2010 ¹
127 1993 184 2087 qpi·
202 2011 233 2052 ae
255 1994 287 2130 pn
306 1989 362 2128 Dpi
381 1990 540 2050 clientelam
559 1989 731 2064 addixerint,
756 1995 789 2049 at
806 1989 866 2048 hon
886 1989 1066 2050 dubitentse
1085 1991 1146 2050 eius
1165 1998 1259 2072 patro·

224 2089 254 2128 aa
286 2090 318 2128 oe
350 2089 408 2129 ore.

126 2089 252 2213 01111017.
266 2091 344 2210 νΤίΙιε
361 2155 442 2208 aceri
456 2149 545 2207 uculo.
574 2143 680 2206 lterum
694 2145 800 2226 repetit
819 2144 903 2225 quod
918 2144 1029 2206 dixerat
1049 2145 1084 2206 de
1104 2148 1258 2230 gratiarum

125 2227 252 2299 actione,
282 2245 372 2305 eaque
391 2227 518 2305 publica:
548 2226 682 2304 quoniam
708 2245 767 2284 nou
791 2243 895 2283 arcano
919 2232 1031 2284 tantum
1056 2245 1142 2287 sensu
1161 2246 1260 2289 coram

125 2303 203 2376 Deo,
222 2305 270 2364 sed
291 2314 408 2366 externa
428 2323 543 2386 quoque
563 2305 736 2384 professione
756 2303 883 2364 testanda
903 2310 947 2362 est
965 2302 1047 2363 nohis
1057 2307 1147 2386 pietas
1161 2315 1260 2369 nostra

126 2384 203 2464 apud
222 2383 357 2444 homines.
388 2381 449 2443 Etsi
469 2390 564 2442 autem
584 2381 720 2464 legalibus
741 2383 909 2443 ceremoniis
930 2382 1079 2444 defunctus
1099 2392 1143 2445 est
1162 2385 1260 2448 David

125 2483 194 2524 cuns
216 2463 325 2544 reliquo
349 2463 473 2544 populo,
498 2463 565 2541 quia
593 2462 665 2522 haec
694 2463 824 2522 exercitia
854 2461 962 2522 sciehat
988 2481 1047 2522 non
1067 2464 1171 2525 trustra
1189 2474 1260 2526 tuuc

125 2542 266 2602 mandaris
286 2549 471 2605 veruntamen
491 2541 578 2607 finem
597 2543 730 2619 respexit,
751 2549 783 2602 ut
802 2541 971 2602 sacrificium
990 2542 1082 2603 laudis
1101 2551 1132 2604 et
1149 2547 1258 2606 vitulos

125 2622 266 2682 labiorum
285 2623 437 2702 praecipue
457 2623 580 2758 ollerrep.
611 2627 712 2760 d„sltrtp
731 2624 835 2759 despue
853 2623 913 2682 Det
931 2623 1075 2762 nogmimgt’
1134 2625 1258 2764 1³⁸,ss

569 2720 753 2760 orsoeere
792 2719 991 2762 arnonem:
1021 2722 1037 2762 e
1069 2722 1169 2763 voea
1201 2723 1259 2764 rro

125 2779 207 2841 Deus
226 2777 362 2841 celebrari
382 2797 478 2841 saeros
498 2786 665 2857 conventus,
685 2787 719 2841 ut
738 2785 837 2842 mutua
856 2787 931 2842 esset
949 2781 1023 2842 iuter
1042 2780 1140 2844 fideles
1154 2781 1258 2844 adrul·

126 2866 190 2922 tum
209 2859 321 2941 pietatis
341 2861 480 2922 invitatio.

454 3209 782 3280 PSALMUS
826 3209 955 3283 CXVII.

217 3443 246 3508 1.
269 3441 409 3509 Laudato
430 3440 581 3509 lehova'm
604 3465 715 3510 omnes
736 3451 854 3534 gentes,
877 3441 1029 3534 celebrate
1052 3464 1260 3510 comumnes

128 3547 253 3640 populi:
296 3549 328 3615 2.
352 3533 432 3636 Quia
460 3549 643 3618 confirmata
671 3559 720 3617 est
742 3572 838 3640 super
859 3548 1108 3636 roselemenria
1129 3549 1207 3632 eius,
1229 3560 1262 3618 et

126 3655 244 3742 veritas
264 3653 400 3723 lehovae
421 3655 455 3722 in
476 3665 649 3724 aeternum.
693 3653 880 3725 Halleluiah.
993 3667 999 3676 '

209 3835 237 3894 1.
257 3835 559 3895 Loudotelelroeam.
599 3835 676 3915 Quia
705 3855 758 3916 per
787 3855 820 3896 os
839 3833 1001 3916 Prophetae
1031 3855 1130 3898 omnes
1162 3829 1261 3918 gentes

128 3909 260 3972 hortatur
280 3913 403 3992 Spiritus
428 3914 464 3972 ad
487 3915 641 3976 cauendam
661 3915 716 3976 Dei
735 3916 955 3977 misericordiam
975 3924 1003 3976 et
1026 3918 1182 3990 veritatem,
1202 3935 1260 3975 me·

127 3993 184 4052 rito
208 3991 316 4071 colligit
336 3991 442 4052 Paulus
467 3992 504 4050 ad
523 3991 668 4055 Romanus
691 4015 755 4076 cap.
776 3997 892 4063 15,11.
923 3995 979 4056 hoc
998 3997 1130 4056 vaticinio
1151 3995 1260 4074 praedi-

128 4075 205 4132 ctam
231 4069 317 4131 luisse
340 4073 428 4130 totius
454 4073 558 4133 muudi
571 4077 759 4135 vocationem.
800 4073 874 4137 Nam
894 4075 1040 4149 increduli,
1061 4076 1191 4156 quamvis
1210 4093 1262 4133 ex-

128 4153 223 4230 pertes
242 4169 300 4212 non
320 4153 378 4212 aiut
397 4150 454 4212 Dei
472 4153 693 4229 misericordiae,
713 4156 780 4236 quia
799 4161 895 4215 tamen
913 4173 977 4215 eam
997 4174 1054 4214 uon
1075 4155 1213 4232 sentiant,
1232 4159 1262 4214 et

127 4230 213 4290 simul
233 4231 376 4312 incognita
396 4229 439 4292 est
458 4232 513 4290 illis
533 4233 594 4292 eius
613 4235 725 4308 veritas,
746 4235 893 4316 quomodo
912 4234 948 4293 ad
967 4253 1032 4294 eum
1048 4233 1262 4293 laudandomes
1340 4249 1345 4262 ’

127 4312 326 4392 accingerent?
364 4309 463 4390 ltaque
488 4311 591 4373 frustra
625 4309 660 4372 ad
685 4321 781 4393 gentes
806 4314 938 4396 profanas
963 4311 1049 4372 verba
1068 4313 1171 4374 iaceret
1191 4311 1261 4372 Pro·

127 4389 228 4470 pheta,
257 4393 311 4452 nisi
342 4391 428 4452 simul
457 4409 524 4452 oum
553 4391 618 4454 liliis
636 4392 768 4455 Abrahae
793 4391 1004 4476 congregandae
1027 4401 1123 4456 essent
1145 4392 1262 4454 inlidet
