2884 4886
154 250 210 308 323
314 299 320 320 ι
592 243 881 310 acaunus

156 391 256 514 sus
269 361 1197 540 :arzrsstsuunueclttthutruc
1211 363 1301 508 tls

157 531 232 592 catio
252 547 327 611 quae
345 529 482 608 sequitur,
501 525 690 588 antechristi
705 525 859 590 adventum
875 525 942 586 trita
955 523 1009 586 iurt
1021 543 1052 584 m
1071 523 1182 605 populo
1200 543 1302 604 usque
1320 573 1325 588 .

157 611 193 672 ad
214 613 291 690 ipsos
311 627 428 690 pueros:
452 607 534 670 sicuti
554 604 608 668 hac
626 625 698 668 vocs
717 610 869 685 exceptum
888 603 975 664 fuisse
994 601 1144 666 Christum
1162 601 1300 684 Evange-

156 691 237 752 listae
261 693 494 750 commemorant.
533 683 594 746 Nec
618 684 736 748 dubium
765 693 810 746 est
833 683 903 766 quin
928 690 997 764 tunc
1019 681 1103 744 Deus
1127 683 1300 765 uaticinium

72 773 76 789 '
158 768 239 852 quod
256 767 414 850 protulerat
432 785 484 846 per
503 763 676 840 osDavidis,
695 766 805 824 mucire
825 763 960 824 voluerit:
980 763 1040 824 imo
1059 761 1224 824 acclamatio
1243 763 1300 824 illa

158 848 254 932 palam
274 847 448 908 demoushat
467 843 583 926 publico
602 863 743 906 consensu
762 850 906 925 receptam
924 841 1011 904 luisse
1029 843 1300 923 interpretationem

158 929 206 991 cui
224 945 302 988 nnnc
320 925 489 1006 obstrepunt
508 931 539 985 et
561 924 694 994 allatrant
712 921 821 985 ludaei:
852 943 911 1004 quo
936 923 1031 988 minus
1053 921 1225 984 excusabilis
1248 928 1300 982 eet

158 1027 260 1069 eorum
278 1005 437 1086 pervicacia
457 1011 486 1065 et
501 1004 682 1086 improbitas.
722 1001 796 1064 Nam
815 1008 962 1082 stuporem
980 1020 1179 1072 conscenso,
1203 1021 1301 1082 quum

160 1079 225 1148 data
245 1103 342 1166 opera,
361 1085 538 1166 ignorantiae
562 1082 679 1144 nebrrlas
698 1083 751 1144 sibi
769 1088 801 1143 ct
819 1081 881 1142 aliis
900 1081 1058 1142 offundant.
1089 1080 1178 1160 Quod
1197 1089 1302 1142 antem
1427 1147 1428 1150 Ἴ

158 1169 189 1228 iu
209 1165 256 1226 illa
277 1165 349 1226 tristi
369 1166 501 1224 vasbtote
519 1183 555 1226 sc
573 1162 747 1225 deformibus
765 1163 869 1235 ruinis,
888 1179 947 1221 non
967 1161 1089 1222 cessavit
1106 1167 1204 1222 mmm
1222 1161 1302 1222 baec

158 1245 285 1328 precatio
304 1243 516 1318 interludaeos,
536 1243 646 1304 animos
664 1234 747 1304 nobis'
767 1241 852 1302 hodic
870 1239 976 1303 addere
994 1240 1078 1302 debet
1095 1239 1212 1302 illorum
1231 1259 1302 1320 per·

158 1323 326 1389 severantia.
365 1321 451 1384 Nulla
476 1327 537 1384 erat
560 1328 632 1384 tuno
650 1322 730 1404 regui
749 1319 883 1402 dignitas,
906 1321 1019 1382 nullum
1038 1319 1157 1394 solium,
1181 1319 1302 1380 nullum

135 1423 265 1484 xnomen
283 1401 339 1464 nisi
358 1403 439 1484 spuo
459 1401 570 1464 Deum:
598 1401 683 1464 rebus
707 1407 803 1462 tameo
828 1399 945 1480 perditis
970 1418 1005 1460 ac
1029 1399 1198 1480 deploratis,
1225 1399 1301 1460 reti-

158 1489 293 1564 uuerunt⁸
311 1482 446 1564 precandi
474 1481 596 1543 formam
626 1479 714 1542 semel
737 1500 755 1542 a
778 1479 889 1562 Spiritu
917 1485 1017 1541 sancto
1046 1479 1191 1540 dictatam.
1229 1477 1302 1538 Hoc
1427 1507 1428 1568 p

158 1563 293 1642 exemplo
312 1561 422 1635 edocti,
450 1561 605 1642 quamlibet
628 1564 732 1622 misere
756 1559 890 1640 dissipata
909 1558 995 1620 hodie
1014 1559 1051 1619 sit
1068 1555 1211 1633 Eutimia,
1239 1577 1300 1638 pro
1427 1569 1428 1630 ζ

157 1643 221 1704 eius
239 1650 338 1703 tamen
355 1643 533 1703 restitutione
552 1642 666 1702 lortitcr
684 1658 767 1700 orare
786 1658 945 1721 pergamus.
966 1637 1117 1700 Praeterea
1134 1637 1180 1698 bis
1199 1637 1301 1698 verbio
1427 1703 1428 1724 χ

159 1725 263 1782 iterum
287 1721 437 1797 docemur,
465 1741 526 1782 non
549 1720 699 1782 hominnm
722 1718 927 1788 iudustriavel
951 1719 1116 1800 promoveri
1135 1717 1183 1780 vel
1201 1715 1301 1780 fulciri

72 1844 82 1870 ,
160 1801 266 1862 Christi
287 1821 423 1878 reguum,
453 1801 503 1861 sed
528 1800 585 1862 hoc
604 1801 687 1860 unius
707 1795 845 1863 Deifessc
864 1817 882 1860 o
904 1817 952 1858 us:
981 1798 1049 1879 qrrla
1067 1799 1104 1858 ad
1123 1797 1214 1858 solam
1233 1797 1301 1858 eius

160 1881 385 1944 benedictionem
402 1879 558 1960 coningere
577 1880 715 1941 docentur
734 1877 842 1939 fideles.
881 1819 947 1958 hpsa
972 1879 1058 1938 etiam
1078 1877 1232 1938 verborum
1250 1895 1299 1936 re·
1427 1925 1428 1950 ,

158 1961 274 2042 petitio,
299 1980 386 2040 quam
405 1959 595 2040 emphaticam
612 1973 676 2020 esse
696 1959 834 2033 diximus,
863 1957 1012 2096 sepuiticm
1031 1963 1157 2020 nnsham
1177 1956 1299 2016 excitet:
1427 1953 1428 1978 ¹

160 2061 220 2122 quo
240 2040 384 2100 ardentius
403 2041 505 2100 intenti
523 2041 612 2100 simus
632 2038 744 2100 adhoc
764 2045 874 2100 votum.
919 2043 997 2098 osset
1015 2037 1131 2118 quidem
1142 2038 1205 2117 ipse
1214 2035 1301 2096 Deus

135 2129 137 2134 “
159 2127 264 2202 sponte
287 2127 317 2180 ct
342 2117 450 2198 absque
474 2117 566 2180 ullius,
584 2125 686 2198 rogatu
706 2115 770 2178 Filii
794 2118 839 2178 sui
862 2137 982 2196 regnum
1002 2123 1061 2178 tam
1080 2119 1188 2196 eripere
1207 2135 1300 2196 quam

160 2201 248 2260 buerit
269 2199 320 2259 sed
331 2217 389 2258 nou
409 2197 514 2260 trustra
533 2199 608 2259 baoc
627 2217 724 2258 curam
744 2196 827 2259 nobis
846 2196 1005 2258 mandavit:
1026 2190 1093 2278 q'uia
1113 2195 1183 2256 nibil
1201 2195 1299 2256 estin

161 2298 272 2364 quotae
292 2279 393 2342 melius
412 2285 566 2341 exerceant
584 2277 693 2356 tidelm,
712 2297 801 2358 quam
818 2278 850 2338 iu
868 2275 1029 2358 expetenda
1047 2278 1109 2338 cios
1127 2275 1227 2357 gloria.

249 2443 304 2512 27.
334 2439 425 2510 Deus
445 2441 579 2527 tehova,
601 2454 634 2512 ct
654 2441 760 2511 illuxit
782 2405 890 2514 nohist
916 2440 1009 2533 ligate
1030 2400 1149 2534 sgnum
1169 2438 1302 2508 funibus

160 2571 263 2641 nsque
286 2549 326 2616 nd
349 2571 468 2618 cornua
489 2548 602 2616 altaris.
637 2549 693 2616 28.
715 2547 805 2616 Deus
826 2569 919 2616 meus
941 2570 987 2632 es,
1008 2557 1042 2644 et
1062 2545 1226 2616 celebrabo
1248 2557 1301 2618 tut

161 2653 252 2724 Deus
274 2679 377 2740 meus,
398 2655 543 2724 exaltabo
565 2666 609 2725 te.
652 2655 706 2724 29.
740 2653 886 2724 Celebrat
906 2652 1067 2739 lehovam,
1089 2651 1163 2746 quia
1184 2653 1302 2737 honus,

161 2762 235 2852 quia
256 2761 291 2830 iu
312 2771 476 2830 aeternum
499 2761 665 2830 clementia
686 2761 765 2830 eius.
1317 2757 1322 2772 '

134 2930 142 2944 ·
240 2903 290 2967 27.
319 2907 402 2967 Deus
421 2909 541 2968 Iebovn.
581 2905 741 2966 confimat
764 2904 843 2986 quod
867 2905 945 2987 prius
966 2903 1053 2980 dixit,
1080 2901 1177 2964 Deum
1201 2901 1300 2964 Emis·

162 2983 221 3044 siae
239 2999 308 3044 suae
326 2987 488 3060 misertum,
512 2987 644 3045 discussis
664 2985 802 3060 tenebris,
821 2989 929 3066 grabes
948 2985 1043 3046 lucem
1063 2985 1229 3066 protulisse,
1249 2982 1302 3044 ubi

161 3063 192 3123 in
211 3063 317 3124 solium
337 3065 500 3132 conscendit
520 3063 629 3125 David:
658 3067 724 3144 quia
744 3065 800 3126 boc
818 3066 1031 3147 redemptionis,
1050 3083 1125 3145 quae
1144 3082 1162 3124 a
1182 3061 1302 3124 Christo

161 3141 277 3232 tandem
296 3143 433 3224 speranda
452 3152 528 3220 erat,
549 3145 603 3205 suit
622 3145 811 3226 praeludium.
842 3142 958 3226 Repetit
976 3147 1078 3218 etiam,
1098 3142 1194 3204 Deum
1213 3143 1303 3204 buius

161 3228 222 3282 tam
240 3224 401 3303 inopinatae
421 3225 519 3286 salutis
539 3245 601 3286 esse
620 3231 774 3299 auctorem,
794 3232 824 3285 et
842 3225 946 3285 effectu
966 3227 1029 3306 ipso
1048 3223 1144 3306 palam
1163 3221 1304 3304 probasse

40 3345 41 3353 κ
163 3301 240 3376 dicit,
259 3321 326 3364 vere
346 3323 376 3363 se
391 3302 492 3364 -Deom
512 3321 582 3368 esse.
620 3303 727 3364 Subest
746 3306 822 3364 cuim
842 3305 886 3364 bis
906 3304 1000 3364 verbis
1020 3303 1175 3382 emphasis,
1193 3301 1303 3364 lebona

153 3389 291 3558 ,hhheluddt
306 3382 1100 3546 ahddsiddrhhdtuq‘hdelldsoehl'rohldddodhhhmadiddddltd
1132 3381 1305 3538 Nffieffia'

80 3635 86 3648 ι
161 3543 579 3684 'mtlttttlttlltlttti
594 3551 695 3684 {tim
689 3565 745 3684 112⁸
746 3564 788 3684 ⁸52
796 3543 843 3684 “is
851 3541 1303 3684 “tittrtl‘tlttfflt

138 3689 142 3702 ¹
162 3641 315 3762 ddsccndit
355 3699 393 3762 Et
414 3705 480 3782 quia
500 3725 537 3763 cx
557 3701 641 3782 Legis
658 3645 852 3786 praederiptc,
864 3646 977 3764 gfidelos
997 3724 1057 3764 nou
1075 3705 1138 3769 siuu
1157 3701 1303 3764 sacrificiis

162 3781 292 3842 solennes
313 3779 377 3840 Deo
398 3782 519 3862 agebant
538 3784 657 3862 gratias,
681 3784 763 3852 iubet.
783 3787 804 3844 l·
829 3793 877 3844 ars·
894 3793 1045 3844 otettnrorn
1063 3785 1106 3844 ud
1124 3805 1240 3862 nomon
1258 3783 1303 3842 nl-

160 3870 246 3921 tors's.
285 3859 399 3921 Scimus
418 3863 509 3936 enim,
530 3870 564 3923 ut
583 3863 699 3922 sedulus
718 3870 779 3924 erat
840 3865 882 3944 gis
902 3863 1071 3924 observator
1089 3861 1203 3934 David,
1223 3881 1303 3922 cere-

160 3943 270 4002 monias
290 3961 308 4000 a
328 3938 392 4002 Deo
412 3941 558 4002 mandatas
579 3945 695 4004 minime
714 3941 881 4024 neglexisse.
922 3941 1096 4024 Quanquam
1118 3944 1305 4022 praecipuum

160 4039 220 4079 sem
242 4041 273 4080 er
291 4021 377 4082 finem
398 4023 546 4102 spectavit,
568 4029 599 4082 ut
618 4023 786 4082 rudimentis
805 4023 861 4084 illis
880 4023 1004 4100 adiutus,
1023 4023 1201 4105 spiritualem
1216 4021 1303 4082 offen
1427 4033 1428 4084 l

67 4173 70 4182 υ
161 4105 205 4158 ret
255 4121 293 4160 eo
310 4103 427 4162 cultum.
468 4100 552 4162 Nune
582 4101 691 4162 umbris
721 4103 856 4180 legalibus
881 4103 1008 4180 abolitis,
1037 4109 1168 4184 superest
1192 4103 1232 4162 ut‘
1252 4121 1305 4181 per
1427 4157 1428 4162 ,

161 4175 306 4240 Christum
328 4183 481 4243 offeramus
501 4184 656 4263 gratiarum
676 4184 803 4244 actiones
827 4182 903 4256 Deo,
934 4205 1006 4263 quas
1026 4186 1086 4264 ipsc
1106 4203 1157 4243 sua
1179 4185 1304 4263 puritate

116 4307 118 4312 .
159 4259 325 4335 sanctificat,
345 4283 381 4322 ne
400 4263 436 4322 ab
456 4263 512 4323 boc
532 4264 644 4344 pictatis
664 4263 744 4323 cultu
764 4263 895 4324 sordibus
911 4267 1001 4324 carnis
1015 4271 1129 4324 nostrae
1144 4282 1303 4324 arceamur.
1427 4309 1428 4314 η

161 4337 250 4416 Quod
270 4361 339 4403 vcro
358 4349 483 4404 mentem
502 4363 585 4406 suam
603 4343 641 4406 ad
659 4341 717 4408 Dei
736 4343 835 4406 laudes
855 4343 989 4406 direxerit
1003 4341 1109 4422 David,
1128 4341 1233 4404 clanim
1252 4361 1302 4424 ap-
