2874 4888
165 221 219 280 120
592 222 878 266 scaminus

166 347 289 419 dicere,
308 345 391 406 cuius
417 343 557 419 meminit,
587 345 752 418 tantundem
781 344 968 424 valebatque
992 342 1115 406 inlisum
1137 341 1243 404 habere
1267 343 1301 402 iu

164 428 272 485 auimo:
302 427 361 484 acsi
391 421 511 498 diceret,
541 425 676 519 quicquid
701 423 837 485 hacteuus
861 423 1006 498 acciderit,
1036 423 1090 484 sibi
1115 430 1210 484 umen
1238 441 1320 489 nou,

165 505 253 564 luisse
276 523 425 563 excussam
449 503 555 582 grabes
575 501 630 562 Der
653 501 786 564 fiduciam
810 506 841 564 iu
861 503 989 564 loturum
1009 501 1135 582 tempus,
1160 521 1190 560 se
1214 521 1249 560 ue
1268 501 1302 560 iu

167 583 224 642 hoc
246 585 393 720 proposito
418 589 570 642 staturum:
606 581 770 644 Notandum
789 603 859 644 vero
879 589 932 657 est,
951 601 1009 640 non
1030 523 1219 642 sinedifficili
1239 599 1303 640 cer-
1423 635 1424 647 ,

105 679 109 704 ¹
167 663 287 724 tamine.

169 723 285 823 prorsus
304 747 471 801 evanuerat:
492 748 524 800 ut
544 741 700 816 discamus,
720 741 860 879 signando
881 739 991 801 auferat
1003 741 1092 800 «nobie
1104 738 1303 799 Deusomnia

167 823 271 890 amoris
290 822 378 900 signa,
396 827 520 880 statuere
539 827 633 880 tamen
652 822 682 880 in
702 840 752 880 cor
773 821 833 880 ibus
853 821 956 880 uostris
975 826 1316 880 aetenummsserscw

168 904 235 967 diue
253 903 421 980 aedificium
440 900 476 958 de
492 919 553 979 quo
574 900 620 959 hic
635 901 737 980 agitur,
757 919 813 980 qua
823 899 988 976 metaphora
998 897 1137 979 siguificat
1148 895 1305 978 Propheta,

321 663 469 742 rophetam
496 660 554 722 srdc
577 663 743 743 amplexum
767 682 829 724 esse
853 661 907 726 Dei
933 661 1204 740 bonitatemque
1228 667 1305 720 tuuc

168 979 224 1039 Dei
244 979 465 1044 miscricordiam
485 986 672 1058 propagatum
692 981 740 1053 iri,
759 980 806 1039 vel
824 981 989 1046 continuam
1008 978 1079 1052 lore,
1099 977 1193 1038 donec
1209 977 1247 1034 ud
1266 975 1303 1034 li·
1423 1047 1424 1080 ,

170 1079 235 1118 nem
260 1071 344 1118 auum
370 1057 417 1118 vel
441 1059 682 1136 complementum
707 1060 860 1138 perveniat.
900 1057 933 1117 lu
957 1057 1082 1116 secundo
1098 1055 1231 1122 membro
1250 1055 1305 1116 ali·

122 1179 127 1191 r
171 1139 238 1218 quid
264 1136 489 1197 subaudiendum
513 1145 570 1198 eal:
598 1140 666 1217 quia
691 1137 748 1199 huc
776 1155 887 1228 summe
912 1137 998 1210 redii,
1028 1157 1087 1196 non
1116 1139 1211 1196 miuus
1239 1135 1306 1196 lore

170 1217 327 1276 stabilitatis
346 1217 376 1275 iu
397 1213 536 1290 Deifide,
556 1235 642 1298 quam
661 1218 691 1276 in
710 1218 771 1312 ipsa
790 1217 935 1278 coelorum
954 1216 1144 1287 consistentia,
1163 1231 1237 1294 quae
1255 1231 1307 1274 ae·

171 1305 251 1354 terna
272 1301 324 1364 esi,
344 1301 373 1355 el
393 1295 428 1355 ab
449 1297 525 1356 ourui
546 1297 701 1358 mutatione
719 1299 862 1356 immunis.
883 1296 975 1355 Porro
994 1294 1089 1355 coelos
1105 1295 1232 1374 intelligo
1242 1311 1307 1354 uon
1423 1289 1424 1306 ¹

170 1375 258 1436 modo
282 1373 419 1450 visibiles,
443 1377 492 1435 scd
519 1376 567 1454 qui
591 1381 681 1436 totam
705 1377 804 1436 mundi
823 1375 1040 1436 architecturam
1060 1380 1209 1454 superant:
1234 1373 1306 1452 quie

95 1531 99 1542 ι
170 1455 218 1595 {uic
236 1455 295 1594 tIlei
320 1456 423 1516 veritas
448 1473 535 1536 supra
559 1455 657 1516 mundi
682 1455 821 1516 elementa
844 1455 1014 1516 incoelesti
1038 1455 1118 1534 regui
1136 1451 1307 1534 Deigloria
1423 1465 1424 1472 ¹

184 1553 235 1594 oea
250 1555 292 1593 ur.

252 1613 282 1674 4·
301 1615 333 1674 Ρ
372 1622 379 1636 ’
407 1623 414 1638 '
430 1615 546 1692 foedus.
586 1613 655 1694 Quo
680 1609 713 1676 se
736 1622 766 1676 et
784 1635 883 1677 omnes
903 1615 966 1696 pios
985 1613 1087 1673 melius
1106 1610 1256 1674 eonllrmet
1273 1609 1308 1670 in

172 1693 230 1754 lide
250 1711 336 1756 oracu
347 1714 375 1768 r,
387 1698 581 1755 auctoritatem
601 1698 718 1756 accersit
737 1715 773 1754 ex
788 1693 844 1755 Dei
863 1712 997 1776 persona,
1015 1712 1101 1772 quem
1120 1692 1167 1752 hic
1186 1690 1308 1770 loquen-

174 1780 232 1832 tem
256 1773 374 1832 inducit.
414 1771 487 1832 Nam
511 1775 578 1853 quia
597 1793 634 1834 ex
654 1795 703 1834 ore
721 1773 778 1834 Dei
797 1777 921 1855 pendere
941 1773 1024 1833 dehet
1039 1771 1127 1844 fides,
1147 1770 1212 1851 plus
1231 1788 1307 1850 pou-

173 1853 248 1911 deris
265 1859 297 1911 et
315 1853 444 1931 energiae
463 1853 531 1913 huic
549 1854 683 1934 loquendi
702 1855 812 1914 formae
827 1853 932 1926 subest,
953 1853 1021 1911 dum
1035 1847 1320 1928 inmediumprodit'

121 1977 122 1984 κ
176 1932 238 2012 ipse
259 1928 354 2005 Deus,
377 1951 487 2012 uosque
511 1935 626 2014 propria
645 1952 716 1994 voce
734 1936 843 1994 invitat.
883 1932 937 1992 Ubi
957 1937 1052 1992 autem
1072 1929 1128 1990 hoc
1147 1929 1233 1989 modo
1251 1945 1309 1988 uos
1343 1984 1346 1994 ,
1423 1939 1424 1948 ’

176 2011 337 2092 praevenit,
362 2011 458 2071 nullus
477 2012 533 2071 iam
552 2019 595 2072 est
615 2016 765 2073 temeritati
784 2014 869 2074 locus·
883 2015 908 2072 si
926 2011 1100 2072 familiariter
1118 2009 1155 2068 ad
1174 2027 1240 2068 eum
1258 2025 1307 2066 ae

176 2090 315 2150 cedimus:
340 2091 423 2152 siculi
446 2111 545 2151 rursus
569 2093 640 2152 nihil
664 2095 746 2152 uubis
770 2095 831 2152 siue
850 2091 939 2152 verbo
960 2089 1014 2150 Dei
1034 2089 1180 2170 imaginari
1199 2087 1242 2146 faa
1261 2091 1308 2144 est
1423 2127 1424 2130 η

176 2169 213 2229 de
238 2172 298 2231 eiua
323 2171 426 2249 gratia,
449 2169 496 2230 vel
520 2156 618 2231 no'stro
643 2173 758 2233 arbitrio
782 2191 896 2253 sperare
916 2171 993 2251 quod
1013 2169 1072 2230 uon
1092 2176 1135 2227 est
1155 2165 1309 2248 pollicitus.

176 2249 237 2310 lam
262 2249 411 2330 promissio
436 2249 491 2310 bac
509 2251 676 2331 loquutione
695 2243 784 2332 niagie
802 2251 930 2312 redditur
949 2245 1124 2322 authentica,
1149 2247 1196 2306 ubi
1221 2245 1311 2304 refert
1423 2275 1424 2304 i

177 2327 258 2388 Deus
281 2329 461 2389 iureiurando
485 2331 666 2410 interposito,
690 2333 789 2391 loedus
816 2351 847 2391 ae
866 2351 932 2390 cum
952 2328 1064 2390 Devide
1083 2345 1168 2388 servo
1186 2345 1240 2384 suo
1261 2343 1310 2404 pe-

156 2409 291 2488 ¹pigisse.
330 2407 403 2468 Nam
427 2411 494 2489 quia
518 2410 646 2470 solebant
670 2412 738 2471 olim
762 2411 877 2471 foedera
902 2409 988 2470 incidi
1012 2409 1042 2468 iu
1067 2406 1178 2468 tabulas
1196 2423 1311 2478 aeuum

177 2483 374 2568 metaphoram
393 2497 537 2568 sumptam
555 2509 592 2550 ex
611 2509 692 2550 more
711 2487 760 2549 illo
779 2496 907 2570 usurpat.
946 2485 1068 2548 Duobus
1088 2505 1157 2546 vero
1169 2484 1311 2566 epithetis

179 2571 262 2628 ornat
281 2569 373 2648 ipsum
393 2566 549 2640 Davidem,
574 2589 679 2628 vocans
698 2570 821 2629 electum
841 2589 934 2643 suum,
953 2575 984 2629 et
1002 2587 1126 2628 servum.
1165 2562 1313 2642 Numqui

54 2735 56 2742 Ι
127 2675 155 2738 ¹·
179 2648 304 2727 priorem
314 2647 657 2786 1ffi¹¹¹¹¹¹¹i⁸f¹⁷³bmh⁸m
676 2649 807 2787 trghun&
831 2669 889 2709 noo
913 2651 980 2743 satis
1004 2646 1154 2785 αὶῑῖἓιίᾳιιῑι
1175 2643 1212 2782 ld
1232 2661 1311 2780 coum:
1360 2687 1364 2696 .

179 2745 421 2884 llillffi‚⁰r1ir¹iil
440 2745 619 2868 bellelsmrllllrlo
630 2735 1008 2887 Klllelreplsacitillnnloll)erhllllll
1026 2744 1148 2885 puellula
1155 2741 1262 2862 egauurus
1281 2740 1313 2860 il

181 2891 227 2944 tot
245 2885 313 2960 viris
333 2884 497 2966 insignibus,
517 2888 567 2946 secl
589 2888 674 2946 etiam
692 2886 827 2947 iratribus
846 2888 904 2947 suis
924 2886 1063 2968 praetulit.
1083 2883 1160 2964 Ergo
1180 2884 1204 2942 ai
1223 2899 1314 2962 quee-

147 3003 151 3012 ·
182 2965 255 3024 ritur
274 2963 394 3022 loederis
414 2983 498 3023 causa
519 2966 565 3023 vel
585 2967 674 3046 origo,
694 2968 790 3046 venire
808 2965 845 3026 ad
864 2966 920 3026 Dei
939 2967 1107 3027 electionem
1125 2979 1242 3023 necessa
1259 2966 1312 3020 est.

183 3047 270 3103 Sero-i
288 3044 413 3116 nomine,
437 3043 515 3123 quod
540 3047 675 3105 continuo
688 3052 760 3126 post
779 3049 921 3126 sequitur,
944 3065 983 3108 ua
1005 3045 1145 3124 intelligas
1169 3040 1315 3100 Davidem

183 3123 338 3201 quicquam
357 3125 415 3182 suis
435 3123 578 3203 obsequiis
596 3123 683 3184 luisse
703 3129 904 3206 promeritum:
929 3125 979 3184 sed
998 3126 1090 3204 regiae
1110 3123 1251 3202 dignitatis
1270 3122 1315 3178 iu-

183 3203 273 3274 tuitu,
298 3209 418 3262 vocatur
435 3201 492 3264 Dei
511 3204 652 3264 minister:
674 3205 742 3286 ¹quia
762 3226 822 3265 uon
841 3225 872 3264 sc
890 3213 997 3266 munere
1015 3204 1139 3284 ingessit,
1158 3201 1209 3260 sed
1228 3218 1314 3258 voca-

184 3281 261 3340 tione
286 3280 409 3359 legitima
433 3283 532 3356 lictus,
552 3283 702 3364 imperium
722 3283 775 3347 sibi
794 3285 928 3346 divinitus
949 3284 1077 3344 oblatum
1095 3285 1210 3360 recepit.
1249 3279 1313 3340 lam

185 3379 224 3420 ex
243 3362 304 3437 ipsa
324 3361 445 3430 foederis
465 3382 576 3423 summa
595 3363 768 3444 colligimus,
788 3362 960 3444 Prophetam
979 3382 1039 3424 non
1057 3362 1161 3422 frustra
1180 3361 1210 3418 iu
1229 3377 1316 3429 usum
1423 3405 1424 3440 3

184 3457 269 3508 auum
289 3445 318 3500 et
337 3443 423 3500 totius
444 3443 542 3522 populi
560 3442 631 3504 illud
640 3443 883 3506 accommodasset
902 3445 1036 3525 quianon
1046 3435 1242 3523 pepigilDeua
1256 3440 1316 3519 pri·

185 3520 274 3578 vatim
299 3539 364 3578 cum
386 3517 511 3590 llavirle,
535 3519 590 3582 sed
611 3529 703 3582 totum
722 3521 864 3584 Ecclesiae
887 3543 992 3603 corpus
1017 3524 1046 3584 iu
1070 3521 1180 3583 iuluraa
1205 3525 1339 3596 aetates·

185 3599 320 3678 respexit.
345 3595 406 3658 Etsi
426 3601 501 3660 enim
522 3599 557 3659 de
575 3599 732 3662 Solomone
751 3611 783 3662 et
799 3605 915 3682 reliquia
934 3601 1143 3668 successoribus
1161 3597 1257 3677 ulique
1277 3617 1317 3658 ex

186 3687 268 3760 parte
286 3677 404 3756 intelligi
423 3678 479 3740 boc
499 3679 589 3753 debet,
609 3679 755 3742 Stabiliam
774 3683 877 3742 solium
896 3691 979 3743 tuum
992 3686 1191 3742 inueteruum:
1208 3677 1318 3740 sciebat

187 3767 283 3818 temen
300 3755 452 3838 Propheta,
472 3759 592 3818 solidam
611 3763 826 3840 perpetuitatem
847 3779 904 3822 non
923 3781 1007 3841 posse
1026 3763 1079 3822 nisi
1098 3759 1252 3829 iuChriato
1272 3778 1317 3818 re·

207 3839 281 3898 eriri.
320 3833 358 3896 Et
382 3846 458 3900 certe
477 3837 584 3917 Regem
610 3859 698 3899 uuum
722 3842 858 3914 creando,
883 3861 942 3902 uon
960 3843 1044 3902 unius
1063 3847 1175 3900 mutum
1194 3837 1318 3900 familiae

220 3935 270 3976 eus
295 3925 454 3996 respectum
480 3918 633 3991 habuerat,
658 3919 818 3999 posthabito
843 3926 872 3980 ei
895 3919 1152 4060 neglectopopulo
1171 3937 1237 3980 cum
1256 3937 1317 3996 quc

108 4055 116 4072 ,
189 3995 290 4056 foedus
315 4003 380 4070 ante
403 3999 548 4076 pepigerat
571 3999 600 4056 in
621 4017 707 4058 mauu
727 3997 873 4072 Abrahae,
897 4019 927 4058 se
967 3999 1069 4062 detulit
1087 4000 1237 4078 imperinm
1256 3995 1317 4057 Da·

188 4075 248 4134 vidi
278 4076 395 4155 eiusque
413 4075 502 4152 hiliis,
532 4083 565 4156 ιιιΙ
586 4077 802 4157 praeessentiu
826 4097 1006 4144 communem
1036 4081 1163 4144 omnium
1186 4079 1318 4156 euntem,

190 4153 284 4218 donee
300 4155 405 4218 Christi
426 4156 550 4218 adventu
569 4157 673 4218 solium
692 4176 759 4218 vere
772 4155 949 4220 stabiliretur.
