2816 4880
250 273 252 289 ¹
351 338 354 347 ,
424 311 839 356 anassemcxxxvttr.
1173 317 1228 374 455

84 435 221 502 fiduciam
242 445 271 498 et
289 456 371 534 epcut
390 437 542 516 concipere
560 435 701 508 discamus
720 457 758 496 cx
778 435 835 498 ilci
854 435 1105 518 promissiooilius‚
1136 459 1226 522 quan·

85 521 196 580 tornois
214 517 323 590 abiecti,
340 517 499 612 poterimus
519 521 614 579 tamen
635 535 673 576 cx
692 515 790 578 inieris
808 515 939 578 attollere
953 519 1054 599 capita,
1074 527 1103 580 ct
1113 520 1227 600 gloriari

83 617 140 658 nos
170 597 200 657 in
229 604 363 658 extremas
383 595 463 656 malis
483 592 676 666 tentassem,
696 595 793 656 hostes
812 614 881 656 vero
900 603 1013 658 nostros
1032 599 1120 658 exitio
1140 600 1225 660 devo·

82 685 147 738 tos:
175 675 264 736 modo
278 677 402 736 aflectus
427 693 526 736 omues
546 681 659 734 nostros
678 694 732 752 sua
749 677 917 750 rectitudine
937 683 1074 757 temperet
1094 677 1149 740 Dei
1168 681 1225 760 spi·

81 756 168 816 ritus.
193 753 301 816 ‘Porro
320 769 411 835 quum
450 755 596 815 renuntiet
619 749 718 816 leutos
740 763 793 838 qui
811 757 985 838 Babyloniis
1002 759 1162 820 vindicium
1181 783 1224 820 re·
1279 759 1283 774 '

75 835 202 917 pendet,
219 855 278 894 non
297 774 587 914 inteligiti’craemm
605 839 635 894 ct
645 831 793 894 Medorum
814 834 982 916 obsequium
1000 837 1139 916 placuisse
1151 835 1225 914 Deo,

82 933 161 995 quos
180 912 298 974 ambitio
318 920 348 976 et
367 911 546 992 inexplebilis
566 913 695 987 avaritia,
714 912 815 976 deinde
834 933 923 995 praru
943 916 1096 978 aemulatio
1115 917 1223 980 adbel·
1331 911 1334 928 '

81 993 148 1066 lom
177 991 303 1074 impolite
332 990 383 1052 aad
403 993 471 1071 qaia
492 989 598 1051 bellom
616 991 690 1053 illud
710 994 791 1074 quasi
812 992 868 1054 Dei
888 994 1151 1077 auspiciie.gestum
1171 1004 1225 1072 cat,

82 1069 239 1155 optabilem
260 1091 423 1134 samsom
446 1067 590 1212 profheta
608 1069 671 1132 fore
690 1071 765 1168 dicit.
797 1071 875 1152 Quia
893 1073 968 1152 onim
987 1075 1225 1174 statuerattllous
1293 1083 1315 1168 ὀ

80 1171 343 1306 mliii?
352 1149 749 1294 ltlltttt’ltttttt
766 1150 1223 1316 illaill'tttttttttt
1247 1304 1249 1312 ,

80 1311 143 1374 Dei
161 1311 350 1394 negligenter:
381 1311 437 1370 hoc
456 1317 513 1383 est,
544 1311 594 1390 qai
618 1329 677 1372 non
697 1319 812 1376 strenue
832 1253 1033 1394 sonamite
1292 1389 1297 1397 ι

79 1393 187 1454 stando
206 1398 236 1454 et
255 1391 411 1474 perdendo,
430 1383 606 1471 impendent,
631 1390 680 1452 obi
700 1389 833 1453 conducti
854 1399 939 1454 emet
957 1391 993 1452 alr
1013 1411 1048 1453 eo
1068 1393 1222 1455 carnifices.

77 1471 146 1536 Etsi
165 1477 261 1534 antae
281 1471 397 1533 crudele
416 1470 543 1542 videtur,
573 1469 641 1530 dum
668 1477 750 1550 optat
769 1479 884 1534 teneros
903 1472 998 1532 foetus
1017 1479 1048 1537 ct
1068 1473 1161 1534 adhoc
1181 1476 1221 1534 in·
1283 1486 1289 1494 ·

1053 1333 1149 1386 enam,
1174 1334 1223 1376 va·
1296 1365 1300 1382 ,

65 1552 188 1614 ¹rrorrios
207 1552 244 1612 ad
264 1551 290 1611 la
323 1551 372 1612 dee
392 1549 469 1618 allidi
489 1555 520 1612 ct
539 1550 660 1610 conteri:
680 1551 748 1630 quia
767 1557 864 1612 temen
884 1568 941 1611 non
961 1551 1087 1632 impulsu
1106 1552 1223 1634 proprio
1313 1605 1318 1620 ,

77 1631 226 1713 loquitur,
239 1652 265 1692 „s
321 1629 408 1692 verba
428 1631 500 1711 petit
519 1647 556 1690 ex
580 1648 630 1690 ore
651 1626 723 1701 Dei,
748 1629 818 1690 nihil
838 1629 915 1690 aliod
935 1648 1022 1711 qoem
1041 1632 1108 1691 iusti
1127 1631 1223 1692 iudicii

79 1713 268 1792 praeconium
288 1718 345 1771 cst:
364 1710 447 1771 sicuti
467 1728 557 1789 quum
578 1706 904 1804 pronuntietDominus‚
924 1728 982 1791 qua
1002 1711 1123 1791 quisque
1143 1731 1223 1772 meo·

21 1839 22 1846 ,
79 1810 151 1850 sura
177 1809 248 1850 osus
272 1789 359 1850 laesit
381 1808 450 1868 erga
475 1788 561 1862 elios,
590 1789 716 1848 vrcrssim
738 1789 764 1849 ei
784 1807 945 1850 remensum
964 1788 1013 1864 iri,
1033 1787 1222 1866 maenaa
1350 1817 1352 1822 ’

81 1867 148 1929 sco
168 1869 204 1929 dc
229 1867 378 1948 Babylone
402 1867 526 1950 speciale
557 1869 719 1928 vaticinium
749 1868 876 1930 ediderat
899 1867 1003 1930 lasciua
1024 1871 1077 1942 13,
1101 1872 1149 1932 16.
1176 1871 1223 1931 cui

82 1947 162 2009 haud
183 1947 268 2008 dabie
287 1948 407 2008 succinit
427 1967 504 2006 nunc
525 1945 679 2026 Propheta,
696 1934 774 2008 Ecce
794 1944 875 2010 Deus
894 1950 970 2008 acuit
990 1949 1107 2022 serrum,
1132 1956 1161 2008 ct
1180 1951 1222 2009 iu·

21 2051 22 2060 ¹
82 2028 177 2088 tendit
196 2047 290 2100 arcus,
309 2023 410 2086 Medos
429 2023 569 2086 etPcreus
589 2027 700 2098 emittit,
720 2029 769 2106 qui
790 2047 848 2088 non
867 2033 1005 2108 cxmtenl
1024 2035 1172 2110 argentam
1192 2037 1221 2090 et

21 2135 22 2166 3
83 2127 200 2183 aunam,
222 2111 332 2167 tautum
352 2106 448 2166 sitient
467 2103 642 2184 sanguinem,
661 2112 715 2164 cte.

379 2469 703 2558 astemus
748 2469 955 2538 cxxxvm

21 2701 22 2712 .
80 2669 149 2708 Aac.
164 2667 239 2710 Dauid
250 2668 354 2710 morio
366 2673 464 2724 raperem
477 2683 541 2726 quan
552 2669 666 2724 pudore
679 2681 761 2724 emper
777 2669 866 2712 aeliotes
884 2675 942 2710 essee
956 2681 970 2709 a
982 2669 1044 2722 pao,
1063 2672 1107 2710 on
1123 2668 1170 2710 eise
1184 2667 1222 2710 to-

21 2733 22 2736 ’
168 2737 257 2780 nitatem
269 2751 332 2794 mn
338 2737 411 2794 sade·
423 2745 540 2794 repertu,
556 2740 591 2784 lie
604 2740 735 2784 dormis
747 2740 840 2794 prim
851 2753 875 2780 oe
888 2738 918 2780 ad
929 2738 1086 2792 gratitudine·
1098 2739 1189 2792 incitet,
1201 2745 1223 2778 et
1261 2763 1263 2774 .

164 2808 274 2862 uetusto:
292 2807 366 2850 deinde
378 2809 401 2848 ia
413 2815 525 2862 postm-
538 2809 583 2852 etto·
594 2811 706 2864 pomittit
719 2809 803 2852 eunden
816 2807 968 2864 beneficentiae
981 2821 1080 2862 earm,
1097 2809 1149 2864 qnia
1162 2809 1223 2850 om
1247 2837 1250 2844 .

162 2883 265 2930 perpetuo
279 2878 324 2920 otto·
338 2880 432 2921 adnatat·
448 2879 513 2930 Quod
525 2880 547 2922 ιι·
558 2879 684 2933 periclitari
697 2879 823 2934 contigerit,
836 2891 894 2934 spen
907 2879 951 2921 siti
957 2877 1021 2934 serit
1034 2875 1089 2921 lacti
1101 2879 1183 2921 critas.

21 3009 22 3060 3
126 3015 268 3082 Devidis.
316 3018 345 3083 l.
379 3013 554 3086 Celebrabo
577 3030 609 3086 tc
631 3021 663 3086 in
685 3029 754 3086 toto
778 3019 990 3116 eosdemse,
1023 3041 1137 3086 coram
1153 3020 1222 3086 Diis

21 3105 22 3118 ¹
82 3119 217 3214 psallam
238 3122 304 3190 tibi.
349 3123 380 3189 2.
414 3123 562 3192 Adorabo
585 3138 616 3193 te
639 3125 678 3192 ad
700 3125 856 3218 templum
879 3125 1049 3193 sanctitatis
1072 3136 1161 3209 tuae,
1191 3135 1223 3192 et
1319 3186 1324 3204 ,

82 3247 197 3296 conam
218 3228 339 3294 nomini
363 3239 418 3296 tuo
441 3252 539 3320 super
559 3231 725 3300 clementia
751 3242 805 3306 tua
827 3241 860 3298 et
881 3253 978 3320 super
999 3233 1129 3300 veritate
1152 3243 1222 3302 tuat

83 3334 158 3424 quia
181 3333 384 3424 magnificasti
419 3344 514 3426 supet
549 3338 654 3404 omnia
682 3347 800 3403 nomen
827 3345 934 3419 tuum,
978 3359 1125 3404 sermone
1153 3349 1220 3406 tuo.

21 3427 22 3434 ἵ
82 3441 117 3508 3.
150 3438 187 3506 ln
210 3439 261 3506 die
283 3467 345 3534 quo
368 3439 499 3509 clamavi
521 3445 568 3510 ud
588 3456 620 3510 te
641 3453 717 3510 tunc
738 3441 892 3510 exaudisti
915 3467 981 3524 mc,
1010 3441 1222 3537 multiplicasti

80 3545 160 3612 mihi
189 3545 222 3612 io
250 3545 353 3614 anima
378 3569 449 3614 mea
476 3548 583 3618 robur.
628 3543 664 3635 4.Ι
692 3546 924 3630 celebrentur,
953 3549 1080 3629 lehove,
1104 3570 1217 3616 omncs

81 3651 184 3744 Reges
207 3661 320 3721 terrac:
349 3653 422 3744 quia
444 3654 610 3722 audierunt
631 3653 725 3722 verba
749 3655 811 3721 oris
833 3655 887 3721 tui.
929 3655 960 3721 5.
989 3652 1031 3722 Et
1053 3665 1165 3721 canant
1187 3655 1219 3721 in

80 3758 141 3840 viis
162 3757 308 3844 lehovae,
331 3760 404 3850 quia
426 3782 537 3854 magna
561 3771 611 3828 est
631 3759 728 3852 gloria
751 3748 896 3828 tetovae.

162 3943 190 4001 1.
212 3941 363 4000 &temolo
383 3949 419 4002 tc.
440 3939 531 4004 Sicuti
550 3942 741 4006 memorandis
752 3939 807 4002 liei
827 3939 970 4002 beneficiis
989 3947 1105 4002 ornatos
1126 3939 1218 4004 lucrat

80 4017 194 4093 David,
223 4021 264 4081 ila
308 4019 439 4082 rolitctor
465 4041 496 4082 sc
516 4035 575 4084 non
594 4023 705 4101 ordgari
724 4023 811 4082 modo
830 4028 943 4101 gratum
964 4019 1032 4080 lore.
1072 4019 1129 4082 Sed
1151 4024 1218 4102 qnia

79 4097 248 4238 hyssooritae
299 4106 343 4160 cta
368 4107 397 4160 et
421 4101 499 4162 inani
524 4103 685 4164 resonantia
706 4103 806 4162 vitiant
828 4110 858 4162 ct
882 4101 1074 4162 contaminant
1098 4101 1215 4162 trocsa·

80 4177 122 4238 cri
144 4178 235 4252 oum,
259 4179 345 4240 simul
364 4179 444 4242 addit
462 4201 520 4240 nou
535 4181 622 4252 labiis
641 4181 739 4256 modo,
757 4181 808 4244 sed
828 4183 939 4242 sincero
958 4178 1044 4242 corde
1063 4182 1218 4260 gratiosos

80 4256 146 4318 Deo
165 4263 306 4332 acturum,
335 4277 404 4320 nam
423 4269 519 4324 totone
538 4283 591 4321 coe·
609 4283 662 4343 pm
682 4251 795 4322 siooerri
815 4262 914 4341 accipi,
933 4267 963 4322 ct
979 4258 1084 4338 duplici
1100 4263 1218 4342 opponi,

79 4337 202 4406 vidimus
224 4335 296 4398 Paul
309 4341 360 4410 12,
375 4341 405 4408 3.
424 4340 485 4402 lem
506 4343 574 4420 quia
594 4361 698 4404 nomeu
717 4314 847 4409 nertin
868 4359 944 4402 nunc
963 4339 999 4400 ad
1020 4337 1122 4419 linger,
1142 4359 1218 4402 nuno

79 4417 115 4476 ad
126 4417 252 4498 Angelos
263 4419 444 4494 transfertur,
465 4427 618 4502 utrumqne
637 4425 784 4504 praesenti
799 4423 864 4484 loco
884 4439 942 4564 ⁰33
962 4421 1037 4480 male
1057 4421 1217 4482 conveniet.

103 4513 207 4556 Calvinus
221 4513 243 4556 in
258 4514 339 4558 l’ulu.
354 4517 415 4558 Turn.
431 4517 460 4560 tr.
