2844 4882
191 311 245 370 404
631 305 649 346 ι.
678 288 920 347 caueamus

193 437 272 498 dium
294 429 404 528 proiert
428 428 497 509 quid
521 426 575 490 toti
599 425 708 508 populo
732 425 770 486 rit
797 423 956 506 pollicitus,
984 419 1142 502 Deumque
1163 415 1356 514 'proumt'nt

123 529 126 534 '
194 515 337 576 Ecclesiae
360 527 428 570 suae
452 527 514 568 esse
538 505 700 580 custodem,
729 511 762 566 ut
785 524 824 564 ex
843 503 899 564 troc
917 503 999 562 fonte
1018 499 1124 582 singuli
1143 515 1240 559 nvoe
1264 495 1306 554 nd
1326 515 1355 555 se

195 596 334 658 deriveut.
352 589 453 669 ltaque
472 605 617 667 quemque
634 581 971 682 privatimflccmpeitrcs,
989 583 1126 642 mutinae
1138 584 1215 658 post
1230 579 1354 655 repetit,

195 673 277 734 Deus
301 679 400 732 custos
424 677 508 742 tuus,
538 686 579 726 uc.
603 666 709 726 scilicet
738 663 848 724 dubitet
877 662 1033 742 quispiam,
1061 659 1141 740 quod
1174 656 1217 716 ed
1254 662 1353 714 tetum

195 751 329 814 tanetum
353 747 489 830 pertinet,
519 745 549 806 in
573 765 658 808 suum
681 763 766 804 usum
790 741 942 825 applicare
981 738 1111 800 Vocatur
1135 743 1247 798 eutem
1272 732 1354 794 Dece

235 838 338 892 oteetto
363 828 405 888 cd
426 829 593 902 dommum,
623 831 656 886 nt
680 825 803 886 sciamus
827 842 886 884 nou
915 817 1016 901 procul
1045 815 1261 898 quaerendum
1294 833 1353 874 esse

228 929 304 986 eum,
322 907 372 970 scd
391 911 504 988 prumia
525 905 634 980 adasa,
653 905 712 966 imo
732 909 808 964 stare
826 901 954 965 s'lstere
970 903 1071 972 uestro
1090 903 1124 958 ut
1143 915 1205 958 uos
1219 901 1353 956 tuente.

285 1074 319 1141 6.
352 1073 414 1140 Die
435 1072 486 1140 snl
507 1091 573 1138 non
594 1078 681 1154 uret,
705 1089 812 1157 neque
832 1065 909 1134 iuna
930 1073 1035 1132 nocte.
1080 1061 1111 1162 7.
1146 1059 1284 1130 tehen
1308 1083 1353 1128 eu
1389 1143 1390 1148 Ἰ

166 1247 173 1270 ,
199 1181 315 1252 stodiet
336 1189 369 1248 te
391 1177 430 1246 ab
454 1176 542 1268 omni
563 1175 664 1259 malo,
685 1171 841 1242 custodiet
861 1171 1000 1239 ammam
1020 1179 1118 1238 tuam.
1159 1169 1197 1236 8.
1227 1165 1351 1236 debora

132 1295 135 1308 '
199 1285 356 1360 custodiet
376 1285 498 1358 exitum
521 1292 615 1352 tuum
637 1289 670 1359 et
691 1301 854 1372 egmssum
875 1289 967 1347 tuum
990 1277 1029 1344 ab
1052 1276 1115 1344 hoc
1137 1285 1351 1368 temporeet

160 1465 164 1472 ,
200 1391 358 1487 usquein
380 1389 532 1460 seculum
1078 1419 1081 1426 ,
1213 1392 1218 1415 ⁸
1391 1395 1392 1400 ’

280 1539 309 1600 6.
339 1537 399 1598 Die
415 1537 463 1596 sol
478 1556 540 1596 saon
559 1541 633 1594 uret.
673 1529 725 1592 His
744 1530 774 1592 lu
852 1530 882 1592 di
900 1530 1001 1594 tormts
1017 1529 1144 1592 badum
1165 1527 1351 1610 pacomii:

201 1617 259 1680 Dei
285 1615 479 1688 commendat,
509 1633 544 1673 uc
570 1631 621 1692 per
645 1606 787 1690 synecdoc
808 1630 844 1671 cn
868 1611 922 1672 sub
948 1614 1042 1672 secie
1065 1629 1123 1670 une
1144 1609 1254 1669 fideles
1277 1615 1351 1668 tutor

202 1698 239 1760 ab
259 1694 390 1756 omnibus
409 1694 492 1754 rebus
513 1691 639 1754 adversis
659 1691 723 1772 iore
741 1693 851 1769 asserit,
870 1692 938 1772 quia
989 1693 1121 1752 dmauu
1142 1693 1350 1769 proteguntur.

202 1775 377 1855 Quanquam
401 1775 488 1834 etiem
514 1769 611 1830 rubeat
635 1769 817 1850 metaphora,
845 1772 912 1851 quie
936 1791 989 1852 per
1007 1776 1185 1832 cadumum
1208 1768 1250 1830 {ri
1325 1773 1351 1828 et

204 1856 462 1932 diurnumeestum
473 1849 616 1930 Propheta
631 1849 753 1930 quodvis
770 1849 945 1912 incommodi
963 1869 1054 1932 genus
1073 1849 1221 1945 designet.

202 1954 272 2014 eppo
292 1939 346 2008 est,
363 1931 494 2011 quemvis
514 1927 655 1992 humanae
674 1930 751 1990 vitae
769 1931 889 1990 miseriis
908 1931 1070 2011 promiscua
1088 1927 1266 1990 subiaceant
1285 1926 1349 1986 tide·
1384 1924 1388 1943 '

202 2014 259 2094 les,
289 2009 418 2074 umbram
443 2015 539 2072 umen
560 2007 617 2068 Dei
639 2026 754 2089 semper
777 2009 814 2075 ad
833 2009 909 2070 tatus
927 2027 989 2076 esse
1008 2010 1188 2104 oppositam,
1222 2025 1265 2068 ue
1307 2005 1350 2066 uid

142 2135 154 2162 v.
201 2109 298 2157 noxae
321 2083 387 2152 inde
410 2088 541 2150 cendant.
581 2079 756 2166 Quanquam
780 2105 841 2148 non
864 2087 936 2150 tetes
964 2090 1108 2170 promittit
1135 2087 1262 2162 dettcias
1321 2085 1336 2099 '⁹
1395 2149 1396 2166 ,

203 2165 276 2242 Dei,
305 2171 339 2224 nt
362 2172 504 2224 immmes
528 2163 585 2222 siut
609 2163 646 2224 ab
670 2166 750 2226 omni
772 2163 917 2238 molestis,
945 2163 997 2224 sed
1022 2168 1135 2226 mium
1160 2163 1224 2222 boc
1250 2163 1349 2224 sohtie
1395 2219 1396 2224 ,

205 2247 346 2324 temperat
365 2259 463 2302 eorum
484 2241 608 2314 dolores,
629 2239 693 2302 Deo
734 2244 847 2337 cupido,
866 2241 902 2302 ab
917 2243 997 2312 omni
1011 2241 1119 2303 exitiali
1133 2253 1220 2302 noxa
1233 2259 1349 2302 maros

203 2323 275 2394 iore,
296 2321 379 2382 sicuti
398 2319 537 2402 proximis
557 2319 685 2380 versibus
704 2261 809 2382 eiarms
829 2317 963 2400 explicat,
982 2316 1080 2382 Deum
1099 2321 1139 2380 ita
1160 2320 1200 2382 eb
1217 2319 1348 2382 omne

203 2400 287 2464 maiis
315 2399 378 2460 iore
406 2418 524 2460 suorum
554 2397 716 2472 custodem,
744 2405 778 2460 ut
802 2417 904 2460 eorum
923 2399 1013 2460 vitem
1038 2397 1219 2460 incolumem
1247 2405 1346 2458 servet

81 2500 84 2514 ·
203 2479 302 2560 Atque
321 2477 377 2540 hcc
396 2477 511 2560 quidem
529 2477 661 2557 gencrale
680 2483 738 2540 est:
758 2484 858 2560 postca
874 2477 1019 2542 deseendit
1032 2477 1070 2539 ad
1084 2477 1265 2560 praecipuas
1278 2477 1347 2538 ritae

203 2563 310 2643 partes.

285 2639 314 2704 8.
334 2639 445 2698 letrau
463 2637 606 2706 custodiet
624 2643 737 2700 exitum
755 2645 848 2700 tumn·
887 2635 996 2700 Seston·
1015 2643 1070 2714 cei,
1088 2637 1139 2718 qni
1202 2635 1235 2698 'd
1254 2653 1346 2718 {grc-

205 2717 290 2780 dieris
310 2717 341 2776 iu
360 2722 420 2776 tote
440 2716 509 2791 vita,
529 2715 575 2777 vet
595 2717 735 2792 instituas,
754 2724 831 2778 recte
850 2722 881 2782 et
900 2715 1019 2778 isbeiter
1038 2715 1127 2778 cedet.
1197 2717 1343 2778 tatamen

205 2797 288 2859 Deus
307 2813 456 2856 servorum
475 2812 594 2856 suorum
613 2797 729 2858 consilia
748 2795 932 2876 Spiritusne
951 2797 1060 2878 dirigit,
1080 2795 1127 2856 bio
1146 2803 1249 2858 temes
1265 2795 1338 2856 uua

75 2862 78 2872 ’
131 2927 135 2934 ,
163 2932 166 2942 ,
206 2875 243 2940 ad
269 2893 420 2958 prosperos
443 2873 565 2934 eiulatus
590 2875 680 2954 magis
703 2873 803 2936 reterri
828 2874 949 2938 videtur.
989 2875 1021 2938 S'
1043 2875 1087 2936 uis
1111 2881 1212 2938 tamen
1238 2875 1343 2954 impius

207 2953 362 3018 euadere
386 2952 480 3026 malit,
505 2972 564 3012 uon
586 2953 725 3015 reclamo:
754 2953 825 3016 mibi
843 2954 951 3017 sufficit
970 2975 1029 3038 quo
1068 2955 1130 3017 siue
1149 2955 1346 3018 controversis

208 3038 319 3094 oedum
342 3037 387 3091 ast
409 3050 445 3091 ac
468 3029 593 3092 subdam
617 3031 766 3114 ampiecti,
789 3033 886 3098 Deum
905 3037 995 3098 serris
1014 3036 1074 3096 suis
1093 3042 1273 3116 perpetuum
1291 3033 1346 3096 tarr

208 3111 326 3188 ducem,
349 3115 382 3170 nt
405 3128 493 3170 manu
517 3117 664 3190 porrecta,
687 3112 723 3175 ab
747 3115 828 3176 initio
853 3113 892 3178 sd
914 3113 1002 3176 finem
1021 3134 1113 3195 usque
1131 3133 1188 3195 pro
1209 3121 1284 3176 voto
1301 3131 1347 3176 eos

198 3189 339 3254 'deducat
357 3187 418 3250 lam
438 3193 545 3252 nctarc'
558 3210 662 3271 operae
681 3195 804 3273 pretium
823 3201 877 3268 cst,
896 3213 948 3254 cur
957 3192 1102 3276 Propheta
1123 3192 1205 3274 quod
1224 3193 1347 3254 brevite

208 3277 241 3334 et
260 3290 318 3331 uno
338 3269 428 3330 uerbo
447 3271 516 3330 satis
536 3271 612 3331 clare
626 3273 775 3351 expremit,
793 3273 879 3336 toties
892 3279 1012 3353 repetat,
1031 3272 1235 3338 videturenim
1251 3293 1348 3355 isuperk

209 3368 301 3412 vacua
330 3369 392 3410 esse
420 3349 582 3411 inculcatio.
622 3349 759 3413 Ceterum
792 3353 816 3412 si
846 3353 1035 3434 expendimus
1060 3371 1148 3433 quam
1171 3351 1294 3416 difficile
1315 3355 1348 3412 rit

209 3437 338 3493 nostram
358 3427 544 3489 diffidentiam
564 3431 720 3512 corrigere,
745 3429 879 3512 colligere
898 3431 994 3514 licebit
1012 3451 1072 3492 non
1090 3439 1202 3494 temere
1219 3433 1348 3494 insistere

208 3508 386 3591 Prophetam
405 3509 435 3569 in
455 3507 679 3571 commendanda
699 3507 757 3571 Dei
775 3510 962 3590 providentia.
992 3507 1109 3589 Quotus
1128 3513 1208 3572 enim
1225 3513 1348 3592 quisquc

65 3613 71 3626 ¹
208 3587 289 3651 bunc
308 3587 373 3649 Deo
396 3586 522 3648 custodis
546 3587 685 3649 honorem
709 3588 824 3666 tribuit,
851 3597 886 3652 ¹nt
910 3591 1090 3652 securitatem
1110 3589 1177 3652 iude
1196 3591 1348 3673 oondpiet,

210 3687 246 3730 ac
264 3669 295 3728 iu
335 3667 447 3727 crinalis
465 3685 533 3726 eum
552 3663 685 3730 invocet?
703 3665 766 3730 [mo
785 3667 835 3730 ubi
853 3669 983 3732 videmur
1002 3671 1111 3752 optime
1129 3675 1264 3751 gustasse
1281 3669 1348 3752 quid

210 3747 306 3812 valeat
356 3746 550 3826 ciprotectiu,
569 3747 689 3808 simulac
707 3747 810 3810 iulium
829 3747 965 3810 deciderit
983 3769 1022 3810 ex
1041 3749 1153 3824 arbore,
1172 3747 1347 3832 trepidemus

211 3827 270 3888 acsi
288 3825 380 3922 uoatri
400 3823 505 3886 oblitus
524 3831 607 3921 esset.
631 3825 709 3908 Ergo
729 3847 820 3922 quum
839 3833 884 3890 tot
902 3830 997 3912 pravis
1017 3827 1242 3893 dubitationibus
1262 3829 1349 3890 simus

211 3904 1350 4050 {tittitt?,tdtttttdiittttcttttnatm-tt.

211 4026 392 4158 proviiientis¹
410 4061 468 4124 Dei
485 4063 517 4124 iu
536 4063 692 4160 Scripturis
712 4067 849 4140 occurrit,
873 4009 1064 4150 colligeuituiu
1077 4008 1159 4130 esiser
1187 4007 1283 4130 bbbiic
1301 4087 1347 4148 po·

212 4145 289 4206 nitus
314 4141 446 4204 cordibus
472 4145 578 4204 nostris
601 4144 721 4220 qusideet
744 4143 801 4206 boc
825 4145 971 4218 doctrinae
998 4151 1094 4229 caput,
1112 4146 1209 4210 Deum
1239 4167 1300 4210 sun

213 4243 267 4305 pro
286 4222 368 4308 nobie
386 4221 522 4283 excubias
578 4241 640 4296 ere,
665 4231 699 4286 ut
718 4225 803 4287 unico
822 4227 884 4291 cius
902 4225 1044 4308 praesidio
1064 4227 1199 4304 ccccmo,
1219 4165 1350 4290 cumba

214 4302 314 4362 mundi
332 4301 474 4381 figmentis
495 4301 542 4364 val
579 4303 694 4364 'camus
