2844 4882
179 168 234 228 403
605 165 893 238 scansuros

202 299 270 354 etuo
290 289 389 353 ardiso
407 289 516 364 flueret,
534 287 658 350 instituit
676 286 757 352 Deos
776 289 807 350 tn
826 306 948 370 perenm
971 285 1101 363 Desidis,
1119 287 1212 368 quta
1240 286 1282 348 im
1307 289 1362 350 eim

193 389 277 434 sunus
303 369 537 451 posteros-iussit
560 365 711 430 succedere
734 365 1015 448 usquamuctstsu
1033 367 1244 432 adventum,
1282 365 1360 448 Erga

183 452 264 512 sicuti
285 448 321 510 dc
340 446 447 529 templo
468 453 498 507 ut
516 447 673 510 sacerdotio
693 467 784 528 nuper
803 447 941 528 loquutus
961 453 1016 518 ests
1039 447 1081 518 its
1101 466 1196 508 nune
1224 465 1360 526 regnum

183 529 262 612 qood
281 525 363 589 Dens
382 525 488 614 erexit,
512 525 627 586 ii'rnsum
658 534 686 588 et
710 525 809 588 stabile
829 527 891 588 iore
909 527 1067 618 praedicat,
1088 533 1121 586 nt
1144 525 1327 586 discernat
1344 547 1358 588 ι

183 607 299 688 reliquis
318 605 418 668 mundi
436 606 575 688 imperiis,
596 624 669 704 quate
687 625 747 667 non
768 605 855 702 mpdo
874 605 1042 702 temporalia
1063 611 1151 700 sunt,
1172 603 1264 744 sesifi
1272 609 1359 666 etism

198 687 299 844 ulii·
316 683 1379 842 tittbittit'tttttttttltttttttttttt{sttw

184 847 252 906 latis
271 863 355 984 'imi
373 843 428 942 pisi
448 841 501 904 sub
520 843 609 904 totels
628 845 816 983 ettprsesidio
836 843 969 983 Davtidsss
999 849 1089 983 spppe
1109 845 1154 910 ita
1178 843 1210 903 si
1237 843 1356 984 ilrpeoln

184 943 281 986 mese
312 943 384 985 sans
405 942 519 984 manere
537 941 572 983 ou
594 943 661 983 eren
701 942 889 984 nonorasren
918 942 972 983 sno
987 943 1017 982 ιι
1038 940 1232 984 rnonovos
1283 943 1302 982 e

184 1003 375 1100 sedu'plscide·
385 1002 440 1064 sub
457 1003 511 1100 illp
528 941 631 1100 genPer
650 965 800 1098 r‘e'gituinis.
813 1003 955 1086 degerent
976 1002 1076 1098 ltaque
1096 945 1355 1099 cnspbaticsg}

185 1091 285 1166 petrtro
303 1089 348 1146 est
367 1103 397 1142 ιιι
416 1102 532 1154 nornine
551 1082 629 1159 sobi,
653 1082 722 1147 lllre
738 1089 863 1165 pontum
888 1090 931 1142 est
956 1083 1061 1144 sebum
1084 1083 1129 1162 (ιιι
1156 1083 1226 1162 nrt)
1253 1082 1354 1142 andam

124 1249 126 1254 Ι
185 1163 233 1224 vel
256 1162 440 1224 rectitudinis.
479 1160 592 1222 Deinde
617 1163 720 1222 solionis
746 1158 982 1222 damnationi:
1013 1160 1080 1242 qnia
1105 1103 1246 1222 vblebat
1270 1159 1354 1223 Deus

224 1243 637 1386 ¹mets'einpjhppsstteros''ppasueste
655 1243 751 1384 inputet
768 1247 940 1324 potestatem
959 1241 1112 1324 regnandi,
1132 1240 1250 1302 donec
1272 1251 1353 1324 pate

206 1343 223 1385 e
285 1341 316 1384 su
433 1341 523 1382 osor
580 1339 613 1384 se
626 1341 688 1383 erno
731 1363 740 1382 .

274 1479 306 1547 θ.
320 1467 323 1472 ’
339 1477 515 1546 Precsmini
536 1499 648 1570 ponem
670 1475 854 1575 ierusalem,
886 1499 1038 1572 prospere
1059 1475 1101 1546 sit
1124 1473 1349 1569 diligentibus

189 1596 231 1656 te.
267 1583 297 1656 7.
325 1583 376 1652 Sit
397 1607 462 1675 psx
483 1584 515 1650 in
537 1583 714 1658 munitione
735 1593 801 1671 tus,
823 1583 1013 1676 prosperitas
1034 1584 1068 1652 in
1089 1584 1250 1656 turribus
1274 1585 1346 1652 tuis

187 1693 219 1758 8.
252 1685 387 1780 Propter
418 1687 530 1758 iratres
559 1683 666 1775 'meos‘
683 1698 717 1756 et
748 1688 946 1782 propinquos
979 1709 1070 1756 meos
1096 1687 1228 1780 loquar
1258 1713 1345 1758 nnnc

186 1817 298 1887 paoem
320 1793 353 1860 in
375 1803 417 1864 te.
449 1793 491 1862 9.·
504 1793 637 1888 Propter
659 1792 792 1864 domurn
813 1791 948 1864 lehovse
963 1785 1026 1866 Dei
1047 1795 1151 1864 nostri
1175 1819 1342 1888 muneram

132 1909 140 1919 “
187 1903 309 1971 bonum
329 1899 397 1969 tibi.
886 1893 890 1902 ’

268 2047 296 2114 6.
325 2045 498 2110 Preeomiot
511 2069 618 2130 ponens
636 2047 807 2110 leuatus
847 2043 932 2108 Nunc
955 2043 1088 2108 horisius
1106 2041 1213 2108 David
1236 2067 1336 2110 omnm

212 2147 256 2190 sus
275 2125 333 2208 Dei
357 2128 496 2203 cultores,
525 2135 557 2188 ut
577 2133 644 2188 vota
669 2127 830 2208 concipiant
854 2144 907 2208 pro
928 2125 1003 2188 lelioi
1021 2143 1118 2190 sacme
1137 2125 1226 2188 urbis
1248 2135 1333 2191 statu.

186 2149 226 2269 bt
251 2223 310 2287 quo
334 2205 477 2268 efficacius
501 2213 630 2280 moveat,
659 2205 783 2266 vicissim
807 2207 848 2266 eis
873 2223 989 2287 quoque
1011 2203 1068 2265 Dei
1097 2204 1331 2268 benedictionem

208 2285 335 2346 romittit
367 2285 428 2347 Cur
446 2283 593 2368 tantopere
613 2286 648 2347 de
667 2286 758 2346 salute
777 2283 851 2346 illins
869 2283 949 2346 urbis
969 2283 1106 2346 sollicitus
1126 2285 1231 2361 luerit,
1249 2294 1328 2348 antes

186 2309 323 2439 diximus,
343 2371 372 2427 et
390 2385 460 2426 mox
479 2367 583 2427 iterum
597 2365 627 2426 in
642 2365 700 2426 tine
711 2363 816 2425 Psalmi
835 2369 959 2446 repetet:
977 2383 1079 2446 nempe
1098 2367 1168 2445 quis
1188 2367 1221 2426 in
1242 2387 1327 2448 regno

189 2453 220 2508 et
239 2444 397 2506 sacerdotio
417 2445 527 2507 inclusa
544 2451 608 2507 erat
626 2447 714 2506 tutius
725 2441 867 2506 Ecclesiae
886 2443 972 2504 sulus.
993 2441 1053 2505 lam
1072 2462 1142 2505 vero
1164 2465 1259 2525 quum
1279 2467 1324 2506 ne·

189 2545 268 2586 cesse
284 2525 340 2600 sit,
369 2523 495 2604 colispss
514 2525 658 2586 communi
678 2524 784 2604 salute,
812 2543 1047 2605 unumquemque
1071 2529 1205 2586 nostrum
1226 2526 1322 2586 misere

210 2606 295 2678 enine,
325 2624 384 2666 non
408 2605 512 2666 nsirnm
536 2605 561 2665 si
581 2602 675 2665 David
700 2603 775 2665 bunc
799 2619 896 2664 curam
920 2610 950 2663 et
969 2601 1025 2664 boc
1044 2603 1171 2665 studium
1193 2605 1316 2666 omnibus
1380 2643 1381 2666 ι

220 2686 247 2744 oi
265 2683 330 2745 liliis
349 2683 538 2746 commendet.
557 2681 657 2765 ltaque
675 2685 701 2744 si
719 2685 773 2746 rite
788 2682 918 2744 ordinare
932 2681 1065 2742 volumus
1085 2702 1184 2767 preses
1205 2692 1310 2757 noeros,
1380 2699 1381 2708 ¹

189 2763 248 2826 boe
267 2765 304 2824 sit
323 2763 484 2839 exordium,
504 2769 535 2824 ut
553 2762 697 2824 Dominus
716 2758 858 2822 Ecclesiae
878 2781 982 2844 corpus
1001 2768 1158 2824 conservet
1174 2759 1314 2843 'Quisquis

189 2849 290 2906 sotem.
306 2843 439 2926 privatim
459 2841 512 2902 sibi
531 2841 668 2914 addictus,
687 2860 869 2902 communem
888 2847 994 2901 statum
1012 2841 1136 2922 negligit,
1156 2861 1214 2904 nos
1229 2845 1317 2904 solnm

190 2921 316 2983 ostendit
334 2941 365 2982 se
385 2939 509 2989 vacuum
532 2937 594 2980 esse
613 2935 682 2980 vero
707 2921 820 3001 pietatis
844 2939 942 2992 sensu,
972 2920 1022 2981 sed
1046 2923 1150 2982 frustra
1174 2922 1226 2984 sibi
1252 2923 1317 2984 bene

190 3005 287 3084 optet,
316 2999 548 3080 necquicquam
577 3000 767 3081 praepostoris
797 3001 856 3062 sois
875 3000 950 3060 votis
969 2999 1113 3081 proficiet
1148 2999 1217 3081 Quo
1233 3005 1317 3063 etism

190 3083 302 3160 spectat
325 3097 398 3160 quse
420 3097 490 3144 mox
514 3077 628 3140 additus
646 3080 812 3160 promissio:
837 3083 985 3162 Prospere
1004 3087 1060 3141 erit
1080 3079 1265 3163 diligentiore
1282 3091 1315 3158 te,
1380 3103 1381 3178 p

214 3156 270 3219 sod
289 3164 384 3218 tsrnen
403 3155 562 3219 membrum
582 3160 709 3242 optative
732 3159 788 3240 legi
807 3165 915 3241 potest,
944 3157 994 3218 sed
1019 3133 1121 3223 eodem
1144 3161 1203 3222 iere
1224 3181 1313 3222 sensn
1380 3179 1381 3240 ι

167 3180 367 3319 ,ὃιιιιιιιιιιιιιι
386 3244 482 3300 sutem
502 3236 621 3299 verbum
641 3212 732 3312 illiti!
756 3241 786 3300 in
806 3239 901 3319 quiete
920 3237 967 3298 vel
987 3257 1056 3319 paca
1076 3259 1158 3334 agere
1176 3240 1313 3322 signffiuei,

187 3320 258 3399 'quis
283 3325 379 3378 tamen
404 3317 482 3400 psuls
505 3337 609 3379 nomeu
628 3319 796 3400 generaliter
814 3337 868 3399 pro
887 3315 962 3379 lueto
982 3324 1013 3378 et
1031 3315 1104 3378 telios
1124 3325 1197 3380 sisto
1215 3323 1312 3403 posuit,

190 3399 231 3459 ita
250 3417 310 3459 nun
329 3397 428 3457 dubito
448 3398 516 3477 quin
533 3398 591 3477 ‘piis
611 3396 752 3472 omnibns,
782 3395 885 3494 puibns
906 3415 991 3457 ouras
1009 3399 1064 3458 erit
1083 3395 1216 3476 Ecclesia,
1232 3399 1311 3461 bene-

74 3507 77 3515 ,
191 3477 344 3538 dictionem
365 3475 421 3536 Dei
440 3483 469 3536 et
488 3478 576 3536 sitnm
596 3496 763 3558 prosperam
786 3495 816 3536 ru
841 3495 943 3558 genero
963 3475 1117 3538 denuntiat.
1158 3477 1235 3557 Quae
1251 3500 1309 3540 sen·

108 3597 110 3610 .
190 3558 278 3628 tentia
307 3557 419 3636 saepius
444 3558 601 3616 occurrite
624 3556 662 3616 ud
681 3556 797 3617 lesaisns
823 3557 908 3618 sos.
933 3558 1027 3637 capite
1051 3575 1143 3636 usqne
1167 3555 1309 3622 adfinem.

189 3633 283 3697 Porro
303 3634 370 3695 bine
389 3634 557 3715 colligimus,
577 3653 594 3696 a
634 3654 669 3696 eo
689 3635 816 3697 maledici
836 3654 935 3696 omnes
945 3638 994 3716 qui
1004 3633 1161 3698 Ecclesiam
1179 3635 1310 3718 inicient,

190 3715 239 3778 sel
258 3716 319 3776 eius
338 3715 491 3796 perniciem
511 3715 613 3796 quovis
632 3733 736 3795 genere
754 3728 854 3776 noxae·
867 3714 1074 3776 machinantur.
1108 3750 1110 3761 ι
1224 3721 1227 3726 ’

269 3796 299 3859 7.
329 3799 377 3855 stt
396 3815 464 3876 pon
487 3801 521 3856 tn
543 3801 706 3855 montione
729 3803 791 3855 too.
833 3791 914 3854 Pacis
940 3815 1045 3856 nomen
1069 3795 1125 3856 boe
1147 3795 1225 3857 etism
1245 3797 1307 3860 loco

131 3947 135 3956 ,
190 3893 249 3938 uon
269 3873 345 3935 uliud
366 3892 452 3954 quam
472 3875 690 3968 prosperitatem
709 3872 856 3954 significat.
896 3871 949 3935 Est
968 3877 1044 3936 enim
1063 3877 1211 3936 sententiae
1227 3880 1305 3957 gemi-

194 3955 273 4016 nstio
293 3953 324 4013 iu
343 3952 400 4014 boc
419 3970 517 4012 versu:
547 3951 612 4012 sdeo
631 3971 669 4011 ex
688 3952 812 4011 secundo
832 3953 961 4014 membro
980 3953 1122 4035 colligitur
1139 3956 1232 4035 prioris
1247 3975 1303 4017 sen-

190 4053 247 4093 sus.
267 4032 358 4114 Atqui
377 4037 477 4114 postes
496 4027 610 4091 sddiiur
628 4041 732 4092 nomed
753 4005 869 4109 iiiiii,
888 4032 967 4113 quod
986 4033 1126 4094 interdum
1142 4034 1243 4113 quidem
1252 4034 1301 4095 lia·

190 4109 283 4174 bracis
303 4113 428 4192 quietem
448 4113 471 4172 si
492 4109 602 4184 nificat,
622 4109 672 4170 sed
692 4111 804 4191 saepius
823 4131 878 4193 pro
893 4111 991 4172 ‘sbund
1011 4116 1068 4174 ntia
1087 4113 1134 4174 vel
1153 4113 1227 4174 rebus
1243 4135 1300 4196 pro·

189 4191 280 4271 speria
303 4192 422 4271 capitur.
464 4132 532 4268 ὃιιι
555 4189 665 4250 notione
690 4191 829 4251 adductos
849 4197 998 4272 nomen}
1026 4196 1098 4262 tm
1118 4193 1248 4266 bonatoli,
1271 4195 1299 4256 in

188 4270 346 4332 munitione
365 4277 424 4331 tus.
444 4265 507 4330 Etsi
526 4269 602 4331 enim
621 4289 681 4332 non
700 4268 832 4353 improbo
852 4270 931 4352 quod
950 4271 997 4332 alii
1017 4269 1178 4334 iosssmvel
1191 4277 1295 4334 monn·
