2862 4888
160 302 199 360 ,34
323 335 332 362 κ
560 299 876 382 =1lerctrrrus

165 431 222 501 tur,
242 406 309 485 fidei
328 423 508 486 confirmatio
528 430 578 484 eat.
607 421 719 504 Copula
740 423 826 498 euim,
845 427 878 482 ut
897 440 983 504 saepe
997 418 1080 496 'eliae
1099 423 1164 486 vica
1181 421 1313 486 adverbii

164 505 286 568 causalia
311 505 441 586 ponitur,
466 505 577 642 quamsi
602 503 724 577 ‹lleeret‚
747 501 821 642 Ego·
835 500 872 574 ad
891 500 989 592 Deum
1009 502 1116 564 dumo:
1146 503 1213 582 quia
1238 503 1312 564 milri

166 585 360 668 propitiaret
385 603 474 645 exora
494 585 539 644 ilis
560 595 624 642 ease
649 584 731 644 solet.
797 583 910 644 mxime
935 600 1021 644 remu
1046 582 1148 644 clarina
1172 585 1312 663 exprimit

166 684 260 806 tlt
272 663 427 804 tillut
438 663 510 804 “li
522 660 704 822 ttttglttl
723 659 1312 823 ltdtpttttltrdtttutt

166 825 285 886 ruluue:
310 823 374 885 ideo
401 823 479 884 lrunc
498 839 613 888 aeneum
633 821 752 890 eliciunt
771 822 854 885 multi
874 823 1057 902 interpretes,
1077 820 1193 884 anuue
1212 842 1313 884 meum

166 905 293 989 diffluxit
312 909 406 978 noete,
426 907 456 962 et
476 920 534 962 non
555 903 688 978 cessavit,
708 898 765 984 lrnc
783 908 837 976 est,
857 903 950 962 sanies
969 920 1028 962 non
1047 901 1102 962 fuit
1115 901 1261 962 exinanita
1277 909 1312 962 nt

166 986 282 1044 sistatur
300 983 400 1042 fluxio.
430 981 521 1062 Atqui
541 982 637 1062 potine
657 981 687 1040 in
707 983 831 1062 genuine
851 999 937 1042 eensu
955 1005 1077 1042 monum
1096 981 1222 1060 accipin,
1241 985 1311 1062 quie

166 1063 288 1124 rerlrnm
309 1065 401 1130 ml
422 1082 481 1142 qun
502 1062 600 1136 utitur,
619 1080 678 1120 non
697 1062 785 1122 mode
805 1061 943 1134 dffluem,
963 1061 1013 1122 aed
1029 1062 1115 1122 etiam
1131 1061 1251 1124 diffundi
1262 1063 1311 1122 rel

92 1153 94 1158 '
169 1141 285 1203 extendi
310 1139 458 1221 significat.
500 1139 559 1200 lam
586 1160 677 1221 quum
695 1159 727 1202 se
745 1142 775 1202 ln
795 1141 842 1203 die
860 1141 1021 1202 afflictionis
1040 1138 1313 1220 Deum-quaesisse,

165 1231 196 1283 et
216 1240 317 1282 manns
337 1220 458 1301 ennead
479 1226 696 1282 eumententee
719 1225 805 1282 nocte
828 1219 916 1281 inlesa
941 1221 1024 1294 dicit,
1052 1221 1124 1282 haec
1149 1220 1312 1282 distributio

168 1303 286 1362 denotat
306 1301 473 1361 contionum
491 1307 618 1379 tempus:
638 1301 697 1360 arei
717 1298 832 1375 diceret,
851 1298 1020 1381 infatigabili
1039 1299 1134 1360 studio
1148 1301 1228 1362 sead
1245 1319 1310 1382 pre-

167 1401 216 1442 ces
236 1378 324 1440 laissa
343 1381 493 1440 intentum.
518 1378 764 1440 Clausuleverane
783 1381 962 1447 adversative
979 1380 1037 1461 legi
1057 1379 1148 1455 debet
1168 1377 1313 1478 Quamv's

169 1463 264 1520 anima
289 1457 452 1541 Prophetae
481 1459 593 1520 nullum
619 1459 752 1520 solatium
777 1459 814 1518 ad
838 1459 984 1520 leniendos
1010 1460 1151 1520 eruciatus
1175 1463 1311 1532 inveniet,

170 1542 265 1622 ipsum
285 1546 382 1601 tamen
402 1557 503 1600 manus
523 1539 558 1600 ed
580 1535 676 1599 Deum
696 1537 821 1598 tendere.
850 1536 891 1598 Ar
913 1541 1008 1600 neila
1028 1559 1094 1598 cum
1115 1538 1311 1622 deaperttione

74 1659 79 1666 -
166 1620 270 1681 luctari
293 1637 348 1682 uos
371 1617 467 1694 decet,
498 1625 529 1679 ut
555 1617 653 1693 dolor,
678 1617 747 1680 lieet
774 1618 901 1680 insanab'
914 1621 953 1694 ⁹⁸,
980 1621 1097 1679 ianuam
1119 1623 1216 1680 tamen
1234 1620 1311 1680 rotie
1421 1631 1422 1634 ’

170 1700 274 1760 nostris
295 1699 411 1759 minime
431 1697 605 1780 praecludat.
1314 1731 1323 1766 ι

251 1779 280 1840 4.
310 1780 512 1839 Recordabar.
547 1774 687 1838 Pluribus
712 1775 806 1838 rerbie
832 1776 938 1838 doloris
963 1779 1008 1838 eui
1031 1777 1260 1849 vehementiam.
1282 1784 1313 1839 et

172 1857 259 1920 simul
278 1851 346 1918 mali
367 1860 533 1938 gravitatem
554 1859 696 1938 exprimit.
736 1855 811 1918 Nam
836 1858 914 1938 quod
940 1860 1057 1920 unicum
1076 1866 1138 1918 eret·
1155 1859 1312 1918 remedium

172 1937 314 1998 radendae
330 1939 500 2012 moestitiae,
520 1936 574 1998 sibi
594 1937 796 2016 inquietudinis
815 1936 902 2020 fnisse
916 1957 1031 1998 oausam
1047 1937 1186 2019 deploret.
1205 1937 1311 2000 Absur-

97 2048 99 2060 ι
172 2017 242 2083 dnm
262 2005 378 2096 quidenl
393 2017 482 2076 videri
523 2023 608 2092 osset,
628 2015 737 2078 turbari
747 2015 802 2076 Dei
822 2019 1017 2078 recordatione
1037 2020 1098 2098 pias
1118 2025 1241 2080 mentes:
1261 2017 1312 2076 sed

172 2096 338 2178 simpliciter
357 2039 650 2177 intelligitssrnpheta,
671 2095 868 2175 qnamrieDei
888 2098 1053 2156 recordatus
1073 2099 1119 2170 sit,
1138 2103 1313 2158 nontamen

129 2187 134 2200 “
173 2184 303 2238 ranetam
327 2174 415 2237 luisse
439 2195 520 2236 anam
546 2177 728 2238 anxietatem.
767 2173 813 2236 Fit
837 2178 953 2256 quidem
977 2193 1063 2257 saepe
1087 2185 1120 2239 ut
1138 2183 1314 2238 tormentum

174 2259 229 2338 piis
249 2262 351 2338 augeat
372 2254 427 2316 Dei
447 2255 607 2316 recordatio
627 2257 657 2319 iu
678 2255 762 2316 relrus
783 2256 922 2330 adversis,
941 2255 991 2316 ubi
1011 2258 1118 2322 seilicet
1137 2259 1241 2316 iratum
1261 2257 1315 2316 sibi
1421 2317 1422 2326 ,

174 2343 205 2396 et
224 2337 366 2395 insensum
387 2338 561 2417 concipiunt.
587 2335 646 2398 Sed
666 2353 724 2396 nou
745 2336 876 2416 intelligit.
895 2335 1038 2416 Propheta
1059 2357 1109 2398 cor
1127 2357 1210 2397 anum
1230 2337 1314 2396 novis

173 2415 374 2498 agitationibus
393 2417 557 2495 perculsum
577 2416 665 2476 luisse
686 2417 797 2496 quoties
817 2435 927 2476 mernor
946 2423 1008 2477 erat
1025 2416 1094 2478 Dei:
1114 2423 1225 2476 tantum
1245 2435 1312 2474 cou-

175 2498 307 2576 queritur
325 2495 404 2558 uulla
426 2493 481 2557 Dei
502 2496 698 2559 consolatione
717 2515 751 2556 ee
771 2496 857 2558 luiare
876 2503 1026 2578 pacatum,
1050 2515 1124 2578 quae
1147 2497 1313 2577 gravissima

174 2583 218 2635 eet
238 2576 402 2635 tentationis
422 2578 540 2656 species.
564 2575 730 2637 loeredulos
745 2574 811 2634 diris
825 2577 973 2636 tormentis
994 2577 1112 2636 erucimi
1129 2577 1234 2636 mirum
1253 2591 1315 2634 non

174 2661 232 2716 est:
253 2656 320 2735 quia
340 2674 431 2734 quum
446 2649 538 2714 allen
553 2653 685 2714 recedere
705 2654 845 2728 studeant,
864 2656 954 2714 iustae
975 2654 1139 2716 delectionis
1151 2674 1226 2732 ¹suae
1246 2673 1313 2735 poe·

87 2787 92 2796 .
173 2753 226 2796 nae
247 2735 339 2797 luunt.
359 2733 419 2794 Sed
437 2733 486 2795 ubi
500 2732 556 2794 Dei
577 2733 746 2808 recordatio,
765 2735 842 2794 unde
861 2735 943 2795 malis
962 2738 1068 2796 nostris
1086 2736 1209 2796 lenimen
1229 2753 1314 2813 quae·

174 2815 274 2888 rimus,
295 2816 405 2876 animoa
420 2821 534 2876 naeuos
548 2833 607 2877 unu
621 2813 796 2894 tranquillat,
811 2814 924 2875 videtur
933 2813 1082 2876 nobiscnm
1098 2813 1204 2878 ludere.
1224 2813 1315 2894 Atqui

175 2893 260 2957 docet
280 2893 326 2953 lric
350 2893 446 2968 locus,
470 2901 617 2974 utcunque
640 2893 770 2970 fremitu,
794 2908 940 2968 moerere,
965 2896 1091 2961 tumultu
1116 2894 1314 2976 plenisimus,

174 2977 249 3033 inter
269 2971 341 3034 haec
359 2980 456 3033 tamen
477 2973 623 3034 obstacula
644 2975 817 3055 pergendum
839 2994 901 3034 esse
913 2973 1010 3036 iullci
1025 2977 1184 3036 vocatione.
1204 2969 1315 3033 Eodem

80 3083 86 3100 ·
175 3055 298 3138 pertinet.
313 3054 461 3134 proximus
475 3073 585 3128 uersus,
606 3054 654 3114 nlri
674 3056 742 3114 dicit
761 3061 953 3116 internectat
973 3075 1004 3116 ec
1023 3055 1173 3137 pervigiles
1192 3055 1316 3126 duxisse,
1421 3049 1422 3054 ’

175 3131 443 3288 tttldtttttll,
458 3133 1317 3296 tltttttt.⁶5.t¹ult⁰..².lt.t.tt..¹tittuttltff

177 3311 252 3373 quae
272 3312 375 3352 somno
396 3293 491 3354 locum
511 3311 570 3352 non
591 3292 684 3354 dabat.
705 3291 763 3354 Sed
783 3314 873 3375 quum
894 3295 980 3376 paule
999 3301 1067 3356 ante
1086 3294 1241 3355 dixeritne
1260 3293 1316 3350 ela·
1378 3309 1382 3320 ·

177 3391 258 3432 mosa
278 3391 350 3434 voce
369 3369 465 3432 Deum
488 3373 611 3452 precari,
636 3392 714 3432 nnuc
734 3375 887 3434 taciturum
908 3395 941 3436 se
961 3375 1049 3450 dicet,
1074 3373 1187 3433 videtur
1206 3373 1316 3451 epecica

130 3477 134 3489 =
176 3453 273 3532 aliqua
297 3472 360 3523 erse
385 3455 599 3534 repugnantiae.
638 3450 718 3512 Haec
741 3455 871 3533 quaestio
891 3455 949 3514 iam
968 3453 1083 3517 Psalmo
1103 3456 1153 3526 32,
1172 3455 1201 3514 3.
1221 3448 1316 3510 nolula

175 3533 242 3608 luit:
264 3531 312 3592 ulri
332 3532 481 3610 docuimus
500 3532 599 3600 fideles
618 3550 750 3594 moerore
769 3552 921 3614 oppressor
935 3553 992 3600 non
1008 3551 1122 3594 servare
1137 3527 1315 3611 aequabilem

178 3618 300 3687 statum,
324 3612 374 3672 red
394 3631 471 3672 nunc
489 3609 639 3693 'erumpere
657 3614 688 3674 in
707 3613 829 3692 gemitus
848 3619 879 3678 et
898 3615 1104 3694 querimonias,
1123 3629 1214 3683 nnnc,
1255 3607 1335 3672 uari.

177 3675 344 3772 praeclusae
363 3699 457 3753 errent
477 3691 582 3766 huces,
602 3691 806 3756 obmutescere.
827 3691 926 3771 Quare
945 3713 1005 3754 non
1024 3695 1127 3754 mirum
1147 3697 1192 3752 eet
1211 3691 1236 3750 ei
1270 3707 1317 3748 ro·

178 3772 266 3850 piretu
285 3791 317 3831 se
334 3771 418 3834 malis
439 3773 543 3840 latetur
561 3773 601 3832 ita
620 3771 708 3833 luisse
727 3791 897 3853 oppressum
917 3779 947 3834 ct
966 3775 1048 3854 quusi
1072 3773 1261 3848 suffocatum,
1285 3775 1319 3829 ut

179 3871 281 3920 vocem
302 3861 360 3910 nou
380 3854 529 3912 emitteret.
730 3886 733 3901 ·

261 3934 289 3994 6.
309 3933 457 3994 Recurrat
476 3933 546 3992 dier.
586 3929 652 3992 Nort
672 3928 791 3994 dubium
811 3937 854 3992 eet
874 3932 944 4012 quin
963 3934 1100 4014 pristinae
1118 3931 1241 3992 laetitiae
1259 3949 1322 3990 mea

172 4011 271 4084 moria
291 4009 419 4075 dolorem
439 4031 524 4080 anum
543 4012 672 4090 mitigare
691 4019 811 4072 cenatur
830 4006 875 4080 sit.
895 4011 947 4072 sed
966 4011 1126 4092 profectum
1145 4017 1204 4071 tam
1224 4008 1316 4068 subito
1367 4005 1370 4015 “

181 4091 302 4152 senense
327 4096 420 4172 negat.
463 4088 637 4171 Quanquam
662 4111 714 4172 per
733 4093 796 4160 duee
814 4099 895 4154 tottii
913 4103 941 4152 et
960 4113 1058 4152 aanor
1075 4093 1241 4160 moderare
1259 4107 1318 4148 nen
1421 4099 1422 4156 ζ

179 4168 268 4230 modo
287 4169 374 4232 breve
394 4172 470 4230 vitae
488 4189 557 4232 enee
576 4171 749 4232 cementum
765 4171 877 4236 videtur
895 4180 1006 4247 notare,
1025 4171 1075 4232 sed
1094 4171 1194 4252 plnres
1212 4173 1318 4246 aetates

181 4249 342 4330 fflmpltcfi·
382 4247 421 4310 Et
440 4257 517 4318 ceria
535 4249 642 4325 fideles,
662 4269 722 4313 non
740 4253 828 4316 modo
847 4271 922 4332 quae
941 4253 1052 4332 experti
1072 4258 1141 4312 sunt
1160 4247 1217 4310 Dei
1236 4247 1320 4308 bene-

55 4343 58 4359 ‘
135 4363 141 4371 ·
179 4325 260 4403 ficia,
289 4330 338 4390 sed
365 4349 552 4412 quaecuuque
579 4331 711 4394 omnibue
736 4332 838 4396 seculis
862 4333 893 4392 in
913 4329 1069 4394 Ecclesiam
1089 4348 1172 4392 ruem
1191 4327 1320 4400 eontulit

179 4408 234 4470 eibi
252 4411 283 4468 in
301 4409 503 4474 afflictionibue
522 4431 685 4494 proponere
703 4417 734 4474 et
752 4412 924 4512 inanimum
938 4429 1075 4476 rerncme
1088 4409 1202 4472 nobem
1223 4405 1320 4487 Quan-
