2890 4886
182 325 238 382 212
612 317 631 360 ι.
667 291 907 361 οιινίιιυυ

184 449 235 514 sed
255 407 394 528 quatem
414 461 445 504 se
460 423 546 536 pubis
565 441 765 539 communicat,
785 441 864 522 quod
883 447 985 504 notatu
1003 440 1119 582 dignum
1139 445 1212 537 est..
1229 437 1316 538 Vide·

184 549 248 590 mus
273 527 364 598 cuim,
388 527 500 604 quoties
523 519 557 580 lit
576 518 632 586 Det
657 528 778 597 mentre,
802 541 936 605 perverse
955 539 1017 604 rapt
1057 541 1184 582 ominum
1202 540 1316 604 ungenta

184 609 220 668 ad
245 605 359 686 frigidas
383 599 605 684 speculationes,
629 605 659 660 et
677 601 802 684 arripere
826 621 900 682 quae
918 600 1144 682 nihilprosunt:
1173 604 1317 684 negligere

57 741 61 752 .
183 688 297 748 interim
318 702 393 764 quse
411 679 501 742 oculis
520 680 625 740 nostris
644 689 797 742 occurrunt
817 685 946 754 virtutes,
964 681 1108 760 inquibus
1122 683 1230 744 relucet
1250 685 1317 743 vivs

176 769 246 830 ‚eius
265 768 367 844 imago.
397 759 488 840 Atqui
508 779 681 838 quocunqne
700 761 825 822 studium
844 781 928 821 suom
938 762 1082 842 applicent
1090 761 1228 836 homines,
1248 781 1316 824 nus·

182 865 270 927 quam
289 843 391 904 melius
410 838 560 921 proficient
580 858 666 918 quam
685 841 715 901 in
735 842 869 902 continua
882 841 1064 902 meditatione
1082 843 1246 923 sapientise,
1265 842 1324 901 bo:

182 928 288 1000 nitatis,
308 923 438 994 iustitiae,
463 927 493 979 et
515 919 724 981 misericordiae
748 923 824 981 eius:
849 923 1014 1001 praesertim
1033 921 1167 981 bonitatis
1186 923 1247 984 eius
1268 941 1316 982 co·

183 1006 272 1086 gnitio
291 1010 351 1064 tam
370 1001 407 1060 ad
426 997 511 1060 fidem
532 997 742 1077 aedificandam,
761 1020 849 1080 quum
873 1001 910 1061 ad
933 1000 1030 1062 landos
1055 1003 1116 1062 eius
1134 1001 1318 1064 illustrandas

177 1091 250 1164 apta
273 1089 325 1142 est.
363 1081 488 1160 ldeoqne
508 1075 614 1175 Paulus
637 1077 743 1175 lipbes3
767 1084 805 1176 3,ο
818 1083 864 1144 18.
889 1077 964 1140 banc
985 1087 1113 1141 nostram
1138 1081 1318 1142 altitudinem

161 1157 1319 1321 ·tt.ttt¹¹;¹ltt.l⁰ttttt⁰;ttlitttttttitttttitutttttt

174 1323 268 1382 ‘etism
287 1321 360 1380 ratio
376 1323 433 1392 est,
451 1338 502 1378 eur
513 1317 607 1378 David
627 1326 693 1400 post
712 1317 812 1380 blesen
831 1317 959 1400 pluribus
980 1319 1072 1379 verbis
1082 1319 1140 1380 Dei
1159 1322 1321 1380 misericor·

105 1445 108 1456 t
183 1400 259 1461 diam
282 1398 472 1462 commendet.
511 1395 586 1458 Nam
609 1401 703 1480 primo
722 1398 833 1458 nullum
859 1399 889 1458 iu
908 1399 990 1459 uobis
1009 1399 1111 1460 vitium
1131 1399 1254 1460 deterius
1274 1403 1320 1459 est

183 1479 322 1540 diabolica
340 1476 510 1560 arrogantis,
529 1496 605 1560 quse
624 1497 705 1538 sunm
724 1477 789 1538 Deo
808 1477 922 1538 laudem
941 1479 1037 1558 eripit:
1062 1480 1134 1540 adeo
1152 1487 1248 1540 autem
1268 1498 1318 1560 pe-

183 1561 260 1620 nitus
285 1556 427 1634 inhaeret,
451 1566 562 1618 utnon
581 1557 664 1618 facile
682 1557 781 1618 revelli
800 1564 894 1636 queat.
935 1555 1072 1638 Exsurgit
1090 1579 1157 1639 ergo
1177 1558 1269 1634 Deus,
1288 1561 1320 1618 et

184 1658 243 1718 quo
269 1638 414 1698 smnaniat
436 1637 601 1716 ssonlegsm
624 1637 718 1696 carnis
741 1636 888 1711 fiduciam,
911 1638 1133 1700 misericordiam
1157 1658 1238 1698 suam
1258 1655 1320 1718 qua

183 1717 244 1778 sols
264 1723 385 1792 sumus,
408 1715 557 1811 magnilica
581 1717 688 1778 asserit.
728 1715 854 1776 Rursum
879 1715 929 1776 ubi
952 1719 1130 1797 acquiescere
1149 1717 1267 1778 decebat
1288 1717 1319 1775 in

183 1793 241 1856 Dei
266 1797 370 1876 gratia,
393 1797 536 1877 trepidant
560 1803 611 1856 snt
635 1794 769 1856 vacillant
793 1801 902 1855 mentes
926 1802 1053 1857 nostrae:
1083 1815 1136 1857 neo
1161 1800 1319 1877 quicquam
1436 1817 1437 1820 ¹

177 1873 265 1939 notu
286 1873 427 1934 difficilius
446 1881 492 1936 est
511 1893 598 1954 quam
617 1892 770 1959 agnoscere
789 1871 886 1934 Deum
910 1874 992 1935 nobis
1012 1876 1177 1955 propitium.
1217 1875 1319 1952 Quare

148 1993 152 2010 t
183 1953 251 2012 buic
270 1953 437 2014 dubitationi
456 1953 552 2014 David
571 1961 638 2035 post
651 1951 756 2029 ‘blesen
775 1970 939 2030 synonyma
963 1954 1033 2015 haec
1052 1957 1195 2035 opposuit,
1221 1955 1320 2014 Deum

181 2047 246 2090 esse
262 2031 488 2094 misericordem:
507 2031 786 2112 deindegrstiiicum
805 2036 838 2088 ut
851 2031 891 2090 ita
905 2031 1023 2108 loquar:
1037 2036 1137 2106 tertio,
1157 2033 1321 2092 humaniter

122 2123 126 2132 ¹
176 2113 212 2246 {l
231 2125 297 2167 cum
316 2103 533 2248 mansuptudine
551 2111 719 2172 tolerantem
727 2108 877 2170 hominum
896 2115 1026 2189 peccatu:
1045 2121 1191 2190 postremo
1210 2111 1320 2174 multae

209 2187 349 2248 amentias
368 2193 398 2248 et
436 2188 558 2248 unitatis.

271 2367 304 2436 9.
326 2365 402 2437 Non
419 2371 463 2453 in
490 2382 680 2464 perpetuum
706 2371 871 2457 rixabitur,
898 2383 931 2441 ct
958 2395 1025 2441 non
1046 2373 1080 2440 in
1102 2372 1247 2440 seculum
1269 2395 1320 2440 cu·

14 2527 17 2534 ⁴
81 2541 83 2546 ,
182 2472 309 2542 stodiet.
356 2477 408 2544 10.
431 2474 507 2544 Non
530 2477 705 2546 secundum
727 2489 972 2570 peccstnnostra
995 2479 1068 2546 lecit
1089 2477 1190 2562 nobis,
1212 2501 1321 2569 neque

84 2608 87 2614 ¹
178 2579 357 2650 secundum
384 2582 564 2672 iniquitates
590 2593 716 2650 nostras
744 2585 886 2676 rependit
913 2607 1009 2675 super
1034 2607 1109 2652 nos:
1156 2585 1208 2651 11.
1236 2584 1320 2670 Quia

179 2685 359 2752 seeundum
386 2685 583 2756 altitudinem
610 2689 775 2757 coelorum
801 2712 898 2782 supas
926 2699 1040 2758 terram
1067 2691 1240 2782 praevaluit
1267 2691 1321 2756 bo-

179 2789 261 2855 uitas
285 2793 353 2858 eius
376 2814 475 2884 super
496 2793 644 2862 timentes
661 2818 745 2883 euru.
781 2796 834 2864 12.
846 2795 945 2864 Sicuti
966 2796 1078 2888 procul
1100 2797 1194 2864 distat
1204 2795 1320 2865 Oriens

180 2893 220 2960 ab
243 2893 424 2979 Occidente,
445 2897 559 2989 procul
579 2901 715 2968 removit
736 2925 754 2968 a
775 2899 869 2970 nobis
886 2915 1017 2992 peccata
1038 2911 1156 2971 nostra.

221 3113 224 3120 ἢ
250 3039 290 3100 ’9.
310 3039 384 3100 Nou
404 3047 436 3100 tn
454 3065 475 3120 p
528 3051 634 3102 etcum.
664 3042 904 3126 consequentiam
923 3065 960 3106 cx
980 3046 1172 3127 superioribus
1182 3047 1240 3109 Dei
1259 3049 1322 3129 epi·

180 3111 268 3210 tirolis
289 3117 398 3199 colligit
418 3065 530 3196 David,
549 3120 660 3197 Deum,
684 3122 732 3182 ubi
758 3126 883 3185 offensus
901 3126 1002 3198 fuerit,
1027 3129 1089 3188 tore
1107 3135 1204 3190 tamen
1224 3130 1320 3207 plana·

180 3193 281 3254 brlem:
303 3197 371 3274 quia
390 3206 492 3259 natura
512 3219 622 3281 semper
643 3201 679 3262 ad
698 3204 901 3282 ignoscendum
921 3223 1081 3286 propensus
1099 3213 1150 3268 est.
1184 3208 1251 3270 Hoc
1270 3227 1321 3268 au·

180 3277 240 3332 tem
260 3275 357 3334 additu
377 3281 566 3340 necessarium
586 3281 652 3340 fuit:
677 3284 744 3364 quis
768 3290 883 3362 peccatu
903 3291 1000 3344 nostra
1019 3287 1134 3346 ianuam
1154 3288 1322 3350 clauderent

180 3353 241 3412 eius
261 3352 397 3430 bonitati,
420 3358 476 3418 uisi
496 3367 657 3421 occurreret
681 3363 743 3420 dur
763 3362 895 3442 placandi
914 3365 994 3424 ratio.
1034 3363 1202 3428 Subindicst
1221 3374 1322 3429 sutem

179 3428 286 3506 David,
310 3432 406 3496 Deum
426 3436 505 3496 litem
530 3439 674 3499 intendere
694 3442 898 3519 peecatoribus,
922 3450 955 3502 nt
974 3461 1026 3502 eos
1044 3463 1130 3506 sensu
1149 3455 1253 3508 reatus,
1267 3446 1322 3506 bu·
1436 3507 1437 3520 ,

177 3509 282 3592 miliat:
312 3533 382 3574 mox
407 3520 503 3575 tamen
532 3517 731 3598 supersedere,
762 3519 811 3580 ubi
834 3520 968 3582 subactos
991 3523 1070 3584 videt
1098 3544 1133 3586 ac
1164 3527 1320 3608 supplices.

176 3589 410 3656 Aliter-Genesis
435 3597 467 3669 6,
483 3599 513 3656 3.
534 3597 610 3671 dicit,
635 3596 701 3657 Nou
725 3598 844 3679 litigabit
862 3599 987 3680 Spiritus
1006 3621 1088 3664 mens
1108 3606 1231 3688 amplius
1252 3625 1322 3682 cqm
1431 3635 1433 3638 ·

176 3667 310 3730 bomine:
329 3691 432 3752 nempe
453 3677 520 3752 quia
540 3678 678 3736 convictis
698 3678 852 3753 maleficiis,
876 3683 932 3742 iam
952 3688 1064 3742 motura
1083 3691 1145 3744 erat
1163 3677 1325 3748 daninstio.

176 3745 353 3843 llicoautem
374 3749 471 3845 David
494 3764 632 3834 perpetuo
657 3758 744 3816 rixari
767 3765 865 3838 negata
895 3762 963 3839 quis
988 3767 1020 3821 ut
1043 3768 1088 3821 est
1113 3761 1267 3824 exorabilis
1291 3770 1325 3824 et

176 3826 328 3965 loerlrsdad
350 3848 480 3904 veniam,
504 3835 549 3892 ius
574 3854 658 3894 suum
682 3841 957 3936 non'prosequitur.
997 3841 1094 3921 Atque
1118 3842 1177 3902 buc
1195 3844 1324 3926 pertinet

175 3924 270 4044 pgcp:
279 3927 339 4080 ,igi
350 3909 597 4080 gpptgpprugpope
613 3913 867 4054 illirltflliilie
879 3919 1196 4076 r{aegiliiliderlrlerlneirillls
1211 3923 1324 4060 weliz

176 4082 227 4199 qup
247 4084 355 4201 rnrprrrs
363 4085 524 4203 lggnppcepp
544 4087 602 4126 nou
624 4075 725 4206 potesgi
745 4073 867 4165 nocendi
877 4077 1053 4171 occasionem
1073 4087 1231 4175 exspectat.
1263 4079 1324 4140 Ne·

107 4245 112 4255 ,
176 4158 213 4279 ii
234 4159 493 4316 statuite
513 4164 686 4284 tttttt
707 4169 985 4291 stitttttttt
1002 4159 1325 4306 tt¹tottttt¹ltt

174 4315 234 4432 pon
261 4317 324 4359 eom
348 4308 425 4361 ctare
445 4323 477 4395 ‚¹¹¹
498 4309 592 4362 totum
617 4303 773 4366 humanum
793 4327 892 4386 genus,
916 4311 965 4369 aed
985 4331 1046 4371 esse
1091 4316 1210 4377 cclesias
1252 4319 1324 4376 riri·

187 4393 290 4478 egium.
336 4398 405 4460 ‘um
424 4380 527 4442 diserte
546 4381 623 4462 apud
643 4381 744 4444 Mosen
763 4383 852 4448 Dent.
872 4389 901 4480 d,
921 4391 950 4452 9.
975 4397 1097 4456 vocatur
1115 4393 1199 4456 Deus
1232 4396 1325 4458 ormi·
