2884 4886
195 285 252 340 230
618 280 905 328 cossurus
994 311 1003 329 s

89 409 101 452 >
198 425 261 468 esse
284 403 454 488 propitium,
482 399 532 464 nbi
555 409 650 464 tamen
674 409 811 476 moratur,
840 409 871 464 et
895 402 954 466 saia
978 399 1165 462 cavillitano
1190 381 1340 464 mr

199 484 369 625 imilitifim
389 489 560 622 norptpotest
580 485 659 622 quipr
669 501 705 622 set
719 483 917 622 iupppneptapc
932 477 1218 622 ffldmiilznl
1237 485 1339 622 vppti:
1418 509 1419 524 r

221 587 266 624 ur
320 583 396 625 oues.
519 581 613 624 enon
660 581 748 622 uscar
794 581 822 621 vr
918 581 932 620 s
1066 579 1148 621 os¹
1209 581 1254 622 rus

199 643 334 724 clypeum
352 641 429 702 hunc
448 581 559 723 salitus
579 662 597 702 o
620 644 708 722 ponit,
727 639 824 702 Deum
844 661 897 722 pro
917 659 969 702 sua
984 641 1135 702 clemeub'a
1156 641 1216 701 suis
1234 642 1267 700 iu
1286 659 1337 701 ne

85 705 89 728 ’
199 724 329 783 cessitate
354 728 438 802 opem
462 721 543 782 ferre
582 663 658 782 piem
680 727 790 795 autem,
813 739 877 794 non,
896 719 1008 800 vulgari
1032 720 1136 793 modo,
1159 720 1210 780 sed
1230 721 1338 816 iusipni
1381 721 1385 730 '

199 801 257 864 Dei
281 803 386 862 virtute
409 799 535 875 liberari,
564 807 597 866 ut
620 799 709 861 hostis
735 799 870 868 confusus
896 798 1080 860 obmutescat.
1120 797 1237 859 Scimus
1256 818 1337 859 enrm

199 877 297 944 Deum
315 880 434 942 obscure
453 879 595 942 interdum
614 881 674 939 uuis
693 879 836 940 cundati:
855 878 1008 958 aliquando
1028 885 1123 940 autem
1140 895 1275 940 exserere
1286 897 1338 959 pa·
1418 897 1420 926 ⁴

199 961 256 1022 lam
275 957 423 1022 brachium
442 979 535 1034 suom,
555 965 588 1020 nt
606 959 696 1098 inpii,
714 958 782 1019 lieet
800 957 933 1019 claudant
947 957 1057 1034 oculos,
1077 965 1218 1039 cogantur
1237 965 1336 1018 tamur

197 1039 336 1102 Divinum
355 1039 391 1098 ali
413 1037 462 1098 uid
482 1039 594 1099 sentire.
662 1057 708 1098 am
728 1039 810 1099 sicuti
829 1035 905 1111 Deo,
919 1037 1127 1098 insultaverunt
1144 1040 1206 1098 eins
1226 1033 1337 1110 hostes,

198 1119 238 1182 ita
257 1117 380 1178 vicissim
393 1059 436 1178 (ie
455 1118 512 1180 illis
531 1117 802 1200 triumphumagere
821 1115 966 1198 cnpitDei
978 1118 1102 1178 nomine.
1133 1113 1236 1198 Neque
1254 1119 1337 1178 euin

198 1199 252 1260 eibi
270 1197 384 1258 laudem
403 1196 521 1260 bellicae
540 1197 678 1258 virtutisa
737 1200 808 1257 'rere
828 1194 933 1270 studet,
952 1197 1002 1256 sed
1021 1195 1264 1258 manifestarillei
1284 1209 1337 1276 po·

198 1277 327 1350 tentiam,
346 1282 426 1357 quae
441 1295 554 1338 omnem
574 1217 846 1338 camem⁰li¹nntlist
887 1273 1061 1357 Quanquam
1085 1276 1142 1338 boc
1159 1295 1219 1338 non
1239 1275 1338 1336 solum

198 1357 235 1418 de
253 1356 334 1440 exitu
352 1357 452 1436 accipi,
471 1356 522 1416 sed
541 1355 577 1416 ad
596 1357 688 1439 ipsam
707 1357 889 1417 afflictionem
908 1355 1023 1415 extendi
1046 1361 1156 1437 potest,
1167 1357 1339 1437 *praecipue

197 1436 294 1497 tamen
313 1436 434 1497 odotem
453 1454 534 1498 suam
546 1433 599 1496 Dei
610 1437 715 1517 gratiae
734 1434 855 1496 adscribi
874 1435 966 1515 cupita
986 1435 1052 1515 quia
1063 1433 1118 1496 Dei
1138 1453 1255 1495 manum
1275 1443 1338 1496 um

197 1515 350 1591 Fortunae,
369 1514 597 1596 quamhumanis
612 1515 744 1576 omnibus
757 1513 857 1576 mediis
915 1530 1036 1596 ponens,
1052 1513 1222 1576 vultDeum
1241 1532 1337 1576 uuum

63 1629 65 1636 ’
198 1592 616 1736 institituit?
636 1595 1336 1756 iliti'dtitlitiittitnttt
1421 1681 1422 1688 κ

198 1752 360 1815 lusitaniae
381 1751 436 1814 Dei
460 1752 567 1834 §onae
591 1716 645 1814 sibi
669 1754 814 1835 proponit.
853 1753 943 1833 Atqui
967 1769 1032 1814 eam
1057 1754 1229 1835 plurisesse
1247 1751 1334 1814 uobis

199 1825 326 1910 decebat‘,
345 1852 431 1914 quam
451 1833 596 1912 propriam
615 1813 749 1894 salutern:
774 1833 858 1894 sicuti
882 1833 982 1892 ordine
1005 1833 1159 1913 praecellit:
1197 1832 1259 1896 lam
1283 1835 1336 1914 qui

198 1913 302 1994 impios
325 1913 404 1993 ipsos
423 1913 554 1972 convinci
573 1917 668 1994 optat,
692 1930 729 1974 ne
748 1909 804 1973 Dei
824 1929 941 1972 manum
960 1913 1105 1991 ignorent,
1127 1911 1220 1972 multo
1244 1915 1335 2008 inopis

155 1999 162 2013 ¹
197 1991 359 2074 expendere
377 1989 461 2052 debet
480 1990 559 2070 qnod
577 1993 607 2051 in
626 1993 720 2073 seipso
740 1992 886 2072 experitur
899 1990 955 2052 Dei
974 1993 1120 2052 euxilium.
1151 1989 1243 2053 Nimis
1256 2011 1334 2054 eorm
1422 2050 1423 2056 ,

197 2079 413 2154 praeposterum
432 2077 515 2212 episetE
535 2069 656 2133 obiicere
674 2071 736 2132 aliis
755 2068 813 2132 Dei
832 2089 958 2148 manum,
977 2072 1032 2134 nin
1051 2071 1112 2134 eius
1126 2071 1252 2152 cognitio
1272 2074 1333 2132 ani-
1422 2067 1423 2074 ’

197 2153 253 2215 mie
272 2151 376 2214 nostrie
393 2150 446 2216 insi
467 2167 522 2212 ea.
1231 2153 1241 2159 ”

281 2351 343 2449 28.
363 2341 554 2450 lllaledieent
574 2349 645 2447 ipsi,
668 2359 701 2422 et
720 2362 756 2421 tu
768 2351 948 2441 benedices:
970 2353 1047 2436 dum
1058 2352 1259 2435 surrexerint,
1280 2375 1334 2444 pu-

199 2457 333 2543 defient,
360 2469 393 2528 et
418 2481 529 2528 servus
556 2468 631 2526 tuus
659 2458 832 2528 laetabitru.
882 2459 936 2526 29.
967 2457 1141 2528 induentur
1166 2458 1332 2526 adversarii

199 2566 263 2634 mei
290 2563 480 2657 opprobrio,
514 2575 547 2633 et
574 2565 755 2658 operientur
782 2563 873 2656 quasi
904 2573 994 2633 veste
1026 2563 1239 2634 embescentiu
1267 2585 1331 2632 sua.

198 2671 254 2740 30.
277 2669 428 2739 Laudabo
438 2669 589 2740 lehovam
612 2669 702 2739 valde
725 2693 780 2740 ore
802 2693 886 2754 meo,
909 2669 996 2738 etin
1017 2669 1123 2739 medio
1145 2693 1332 2761 magnorum

198 2775 362 2847 celebrabo
384 2799 473 2846 eum:
516 2775 570 2844 31.
597 2773 646 2845 Eo
669 2775 757 2868 quod
778 2785 840 2844 stet
866 2775 906 2844 ed
928 2775 1093 2845 dexteram
1120 2776 1332 2868 pauperis·ad

198 2881 390 2952 servandum
411 2905 430 2950 a
452 2881 768 2952 condemnationibus
791 2882 927 2949 animam
950 2881 1029 2950 eius.

278 3029 327 3090 28.
347 3027 532 3088 Maecena
548 3033 616 3108 ipsi.
655 3023 775 3088 Variani
798 3024 846 3086 bic
868 3028 1049 3108 interpretes:
1076 3027 1144 3106 qnia
1162 3032 1253 3088 totam
1271 3045 1331 3088 sur·

198 3105 318 3168 tentiam
336 3105 366 3166 in
386 3105 504 3167 modum
524 3105 641 3186 optandi
660 3106 806 3167 resolvunt
827 3106 952 3186 quidam,
972 3105 1143 3167 llaledicuut
1161 3106 1226 3186 ipsi,
1245 3107 1329 3167 modo

198 3193 232 3247 tu
251 3184 413 3248 benedicas:
433 3190 551 3280 surpant
570 3192 600 3245 et
617 3185 772 3246 induantur
790 3185 965 3245 confusione.
995 3185 1189 3246 Aliiretinnt
1203 3185 1332 3248 tremum

119 3309 126 3322 ,
197 3271 312 3362 tpmpus
336 3266 426 3362 modi·
439 3263 598 3360 indicativi,
623 3264 805 3361 quibustego
828 3264 948 3326 libenter
972 3265 1119 3328 uncum.
1158 3261 1331 3346 Quanquam

196 3344 1028 3506 itttittffitnititmil,titillat
1047 3343 1332 3504 ,illinitis

197 3511 266 3566 vota
284 3509 431 3586 concepta,
450 3504 507 3564 iam
526 3521 643 3564 securus
663 3502 699 3563 de
717 3503 815 3564 favore
827 3499 881 3562 Dei
901 3502 1045 3582 glorietur.
1072 3501 1190 3564 Frustra
1211 3504 1330 3582 (inquit)

196 3581 366 3646 maledicent
384 3582 469 3644 milri:
489 3583 556 3662 quia
576 3589 609 3642 tu
628 3581 710 3642 Deus
730 3581 887 3642 benedices.
928 3581 992 3643 lloc
1012 3586 1111 3642 autem
1130 3581 1219 3642 medo
1238 3589 1329 3644 oeten·

196 3665 289 3724 ditae
308 3662 425 3724 minime
443 3662 542 3724 terreri
562 3660 688 3722 boetium
708 3663 809 3722 minist
829 3663 960 3740 quamvis
974 3663 1086 3741 linguae
1101 3661 1254 3722 elmlentia
1272 3679 1329 3722 uon

195 3743 291 3804 minus
352 3760 398 3802 am
418 3740 513 3822 gladio
532 3741 662 3801 instructi
680 3743 737 3802 sint
755 3740 793 3801 ad
812 3740 979 3802 nocendum.
1023 3740 1174 3800 Discanrus
1193 3759 1263 3821 ergo
1281 3759 1328 3802 ex·

196 3821 293 3903 emplo
344 3819 443 3896 avidis,
466 3837 505 3880 ne
524 3819 611 3880 cerda
634 3827 732 3880 nostra
761 3837 888 3900 nuquam
913 3820 1047 3899 percellet
1072 3819 1198 3881 bostium
1216 3820 1329 3895 ustitia,

195 3899 373 3996 improbitas,
397 3897 525 3974 audacia,
544 3897 641 3973 robur,
666 3905 697 3959 et
714 3898 804 3972 furor,
829 3891 926 3960 Delun
945 3917 963 3958 a
982 3905 1062 3981 parte
1081 3907 1179 3961 nostru
1198 3905 1328 3973 statuere,

196 3999 247 4060 qur
264 3982 356 4040 iusim
374 3975 445 4038 fumi
465 3977 596 4038 discutiat
620 3997 718 4039 ourues
743 3997 845 4038 eorum
864 3984 990 4041 conatus.
1030 3977 1068 4038 Et
1093 3986 1170 4040 certe
1194 3986 1265 4039 tuuc
1280 3978 1329 4056 de-

80 4067 89 4144 [
195 4079 275 4120 mum
299 4059 381 4120 locus
405 4055 489 4118 datur
512 4059 618 4137 gratiae
638 4055 709 4133 Dei,
732 4056 782 4118 nbi
805 4057 865 4120 eius
889 4057 1000 4140 fulgore
1013 4059 1168 4120 evanescit
1196 4057 1329 4197 quiorpuid

195 4139 312 4198 terroris
333 4135 476 4198 obiectum
500 4135 582 4196 nobis
608 4141 668 4196 erat
686 4154 704 4196 a
723 4138 839 4198 mundo.
879 4136 973 4200 David
995 4155 1063 4219 ergo
1083 4135 1140 4198 Dei
1159 4137 1259 4198 lnvma
1289 4155 1329 4198 re

194 4221 251 4289 tus,
274 4217 360 4275 etiarn
385 4217 415 4276 in
440 4214 534 4276 medio
560 4213 669 4294 proelio
694 4217 835 4296 epinicion
855 4217 908 4277 sibi
927 4218 1011 4290 canit,
1037 4219 1109 4276 intre
1130 4216 1175 4277 ide
1195 4235 1329 4298 spernens

194 4293 330 4374 quicquid
355 4295 448 4355 moliti
474 4295 585 4356 lucrant
606 4293 716 4353 bostes:
741 4297 808 4374 quia
835 4303 933 4356 contra
953 4293 1007 4355 Dei
1028 4295 1252 4372 boneiotionem
1273 4315 1327 4354 oon

123 4441 128 4450 ,
194 4371 408 4451 praevalebunt.
440 4371 529 4452 Quod
550 4373 650 4435 medus
670 4371 804 4456 proximo
821 4374 949 4436 membro
969 4374 1146 4454 exprimitur,
1168 4369 1328 4450 Quoniam·
