<?xml version="1.0" encoding="UTF-8"?>
<!DOCTYPE html PUBLIC "-//W3C//DTD XHTML 1.0 Transitional//EN"
    "http://www.w3.org/TR/xhtml1/DTD/xhtml1-transitional.dtd">
<html xmlns="http://www.w3.org/1999/xhtml" xml:lang="en" lang="en">
 <head>
  <title>
</title>
<meta http-equiv="Content-Type" content="text/html;charset=utf-8" />
  <meta name='ocr-system' content='tesseract 3.04.00' />
  <meta name='ocr-capabilities' content='ocr_page ocr_carea ocr_par ocr_line ocrx_word'/>
</head>
<body>
  <div class='ocr_page' id='page_1' title='image "./ioanniscalvinii04tholgoog_0165.png"; bbox 0 0 2874 4888; ppageno 0'>
   <div class='ocr_carea' id='block_1_1' title="bbox 196 273 928 336">
    <p class='ocr_par' dir='ltr' id='par_1_1' title="bbox 196 273 928 336">
     <span class='ocr_line' id='line_1_1' title="bbox 196 273 928 336; baseline -0.007 -19"><span class='ocrx_word' id='word_1_1' title='bbox 196 277 250 336; x_wconf 71' lang='lat'><strong>155</strong></span> <span class='ocrx_word' id='word_1_2' title='bbox 640 273 928 315; x_wconf 64' lang='lat' dir='ltr'><strong>acaunus</strong></span> 
     </span>
    </p>
   </div>
   <div class='ocr_carea' id='block_1_2' title="bbox 196 396 1337 958">
    <p class='ocr_par' dir='ltr' id='par_1_2' title="bbox 196 396 1337 958">
     <span class='ocr_line' id='line_1_2' title="bbox 198 396 1336 470; baseline -0.005 -6"><span class='ocrx_word' id='word_1_3' title='bbox 198 403 270 464; x_wconf 81' lang='lat' dir='ltr'><strong>duaa</strong></span> <span class='ocrx_word' id='word_1_4' title='bbox 288 397 387 460; x_wconf 89' lang='lat' dir='ltr'><strong>muudi</strong></span> <span class='ocrx_word' id='word_1_5' title='bbox 405 397 589 470; x_wconf 70' lang='lat' dir='ltr'><strong>turbationes,</strong></span> <span class='ocrx_word' id='word_1_6' title='bbox 610 396 679 457; x_wconf 89' lang='lat' dir='ltr'><strong>lidea</strong></span> <span class='ocrx_word' id='word_1_7' title='bbox 699 399 785 458; x_wconf 86' lang='lat' dir='ltr'><strong>etism</strong></span> <span class='ocrx_word' id='word_1_8' title='bbox 803 403 900 458; x_wconf 79' lang='lat' dir='ltr'><strong>norun</strong></span> <span class='ocrx_word' id='word_1_9' title='bbox 914 396 1047 458; x_wconf 86' lang='lat' dir='ltr'><strong>turbetur</strong></span> <span class='ocrx_word' id='word_1_10' title='bbox 1059 414 1094 458; x_wconf 87' lang='lat' dir='ltr'><strong>ac</strong></span> <span class='ocrx_word' id='word_1_11' title='bbox 1108 397 1242 457; x_wconf 84' lang='lat' dir='ltr'><strong>labascit:</strong></span> <span class='ocrx_word' id='word_1_12' title='bbox 1263 397 1336 458; x_wconf 88' lang='lat' dir='ltr'><strong>Pro·</strong></span> 
     </span>
     <span class='ocr_line' id='line_1_3' title="bbox 199 477 1336 565; baseline -0.003 -23"><span class='ocrx_word' id='word_1_13' title='bbox 199 483 284 565; x_wconf 90' lang='lat' dir='ltr'><strong>pheta</strong></span> <span class='ocrx_word' id='word_1_14' title='bbox 300 479 398 540; x_wconf 83' lang='lat' dir='ltr'><strong>Deum</strong></span> <span class='ocrx_word' id='word_1_15' title='bbox 418 486 484 538; x_wconf 89' lang='lat' dir='ltr'><strong>aute</strong></span> <span class='ocrx_word' id='word_1_16' title='bbox 503 477 603 538; x_wconf 87' lang='lat' dir='ltr'><strong>oculos</strong></span> <span class='ocrx_word' id='word_1_17' title='bbox 622 479 705 538; x_wconf 87' lang='lat' dir='ltr'><strong>nobis</strong></span> <span class='ocrx_word' id='word_1_18' title='bbox 724 478 822 538; x_wconf 86' lang='lat' dir='ltr'><strong>statuit</strong></span> <span class='ocrx_word' id='word_1_19' title='bbox 842 479 870 536; x_wconf 89' lang='lat' dir='ltr'><strong>in</strong></span> <span class='ocrx_word' id='word_1_20' title='bbox 891 484 1006 536; x_wconf 90' lang='lat' dir='ltr'><strong>aeterno</strong></span> <span class='ocrx_word' id='word_1_21' title='bbox 1025 483 1053 536; x_wconf 90' lang='lat' dir='ltr'><strong>et</strong></span> <span class='ocrx_word' id='word_1_22' title='bbox 1073 477 1241 538; x_wconf 76' lang='lat' dir='ltr'><strong>immutabili</strong></span> <span class='ocrx_word' id='word_1_23' title='bbox 1261 479 1336 540; x_wconf 88' lang='lat' dir='ltr'><strong>solio</strong></span> 
     </span>
     <span class='ocr_line' id='line_1_4' title="bbox 198 555 1335 638; baseline -0.005 -14"><span class='ocrx_word' id='word_1_24' title='bbox 198 561 354 632; x_wconf 80' lang='lat' dir='ltr'><strong>sedentem,</strong></span> <span class='ocrx_word' id='word_1_25' title='bbox 375 557 450 617; x_wconf 84' lang='lat' dir='ltr'><strong>unde</strong></span> <span class='ocrx_word' id='word_1_26' title='bbox 470 563 632 638; x_wconf 90' lang='lat' dir='ltr'><strong>opportune</strong></span> <span class='ocrx_word' id='word_1_27' title='bbox 651 555 754 616; x_wconf 84' lang='lat' dir='ltr'><strong>iudicia</strong></span> <span class='ocrx_word' id='word_1_28' title='bbox 774 576 825 616; x_wconf 86' lang='lat' dir='ltr'><strong>sua</strong></span> <span class='ocrx_word' id='word_1_29' title='bbox 845 557 948 616; x_wconf 84' lang='lat' dir='ltr'><strong>dillert.</strong></span> <span class='ocrx_word' id='word_1_30' title='bbox 968 555 1033 616; x_wconf 84' lang='lat' dir='ltr'><strong>Hoc</strong></span> <span class='ocrx_word' id='word_1_31' title='bbox 1051 575 1121 638; x_wconf 86' lang='lat' dir='ltr'><strong>ergo</strong></span> <span class='ocrx_word' id='word_1_32' title='bbox 1133 558 1259 636; x_wconf 87' lang='lat' dir='ltr'><strong>elogium</strong></span> <span class='ocrx_word' id='word_1_33' title='bbox 1273 575 1335 620; x_wconf 88' lang='lat' dir='ltr'><strong>nou</strong></span> 
     </span>
     <span class='ocr_line' id='line_1_5' title="bbox 197 633 1337 710; baseline -0.004 -8"><span class='ocrx_word' id='word_1_34' title='bbox 197 649 310 702; x_wconf 86' lang='lat' dir='ltr'><strong>tautum</strong></span> <span class='ocrx_word' id='word_1_35' title='bbox 329 639 446 698; x_wconf 86' lang='lat' dir='ltr'><strong>honoris</strong></span> <span class='ocrx_word' id='word_1_36' title='bbox 465 655 550 696; x_wconf 87' lang='lat' dir='ltr'><strong>causa</strong></span> <span class='ocrx_word' id='word_1_37' title='bbox 569 633 672 696; x_wconf 87' lang='lat' dir='ltr'><strong>adDei</strong></span> <span class='ocrx_word' id='word_1_38' title='bbox 685 637 838 698; x_wconf 73' lang='lat' dir='ltr'><strong>essentiam</strong></span> <span class='ocrx_word' id='word_1_39' title='bbox 856 637 988 710; x_wconf 85' lang='lat' dir='ltr'><strong>raiertm,</strong></span> <span class='ocrx_word' id='word_1_40' title='bbox 1007 636 1057 697; x_wconf 86' lang='lat' dir='ltr'><strong>sed</strong></span> <span class='ocrx_word' id='word_1_41' title='bbox 1076 637 1113 696; x_wconf 89' lang='lat' dir='ltr'><strong>ad</strong></span> <span class='ocrx_word' id='word_1_42' title='bbox 1133 637 1199 697; x_wconf 84' lang='lat' dir='ltr'><strong>fidel</strong></span> <span class='ocrx_word' id='word_1_43' title='bbox 1218 635 1337 698; x_wconf 80' lang='lat' dir='ltr'><strong>nostran</strong></span> 
     </span>
     <span class='ocr_line' id='line_1_6' title="bbox 196 716 1336 798; baseline -0.004 -16"><span class='ocrx_word' id='word_1_44' title='bbox 196 721 347 782; x_wconf 85' lang='lat' dir='ltr'><strong>fulturam:</strong></span> <span class='ocrx_word' id='word_1_45' title='bbox 378 719 435 778; x_wconf 87' lang='lat' dir='ltr'><strong>acsi</strong></span> <span class='ocrx_word' id='word_1_46' title='bbox 456 716 564 776; x_wconf 86' lang='lat' dir='ltr'><strong>dietum</strong></span> <span class='ocrx_word' id='word_1_47' title='bbox 583 723 672 788; x_wconf 84' lang='lat' dir='ltr'><strong>esset,</strong></span> <span class='ocrx_word' id='word_1_48' title='bbox 696 716 827 796; x_wconf 88' lang='lat' dir='ltr'><strong>quamvis</strong></span> <span class='ocrx_word' id='word_1_49' title='bbox 851 718 881 776; x_wconf 90' lang='lat' dir='ltr'><strong>iu</strong></span> <span class='ocrx_word' id='word_1_50' title='bbox 901 721 975 776; x_wconf 86' lang='lat' dir='ltr'><strong>terra</strong></span> <span class='ocrx_word' id='word_1_51' title='bbox 995 717 1079 776; x_wconf 81' lang='lat' dir='ltr'><strong>auxie</strong></span> <span class='ocrx_word' id='word_1_52' title='bbox 1100 723 1216 798; x_wconf 89' lang='lat' dir='ltr'><strong>gemant</strong></span> <span class='ocrx_word' id='word_1_53' title='bbox 1233 717 1336 778; x_wconf 83' lang='lat' dir='ltr'><strong>lidelaa</strong></span> 
     </span>
     <span class='ocr_line' id='line_1_7' title="bbox 198 793 1335 879; baseline -0.003 -18"><span class='ocrx_word' id='word_1_54' title='bbox 198 819 233 861; x_wconf 88' lang='lat' dir='ltr'><strong>ac</strong></span> <span class='ocrx_word' id='word_1_55' title='bbox 251 799 401 879; x_wconf 74' lang='lat' dir='ltr'><strong>trepident,</strong></span> <span class='ocrx_word' id='word_1_56' title='bbox 420 793 517 855; x_wconf 89' lang='lat' dir='ltr'><strong>Deum</strong></span> <span class='ocrx_word' id='word_1_57' title='bbox 536 801 640 868; x_wconf 87' lang='lat' dir='ltr'><strong>lamen,</strong></span> <span class='ocrx_word' id='word_1_58' title='bbox 664 799 715 876; x_wconf 84' lang='lat' dir='ltr'><strong>qui</strong></span> <span class='ocrx_word' id='word_1_59' title='bbox 736 801 833 854; x_wconf 82' lang='lat' dir='ltr'><strong>custos</strong></span> <span class='ocrx_word' id='word_1_60' title='bbox 853 797 992 857; x_wconf 76' lang='lat' dir='ltr'><strong>est‘vitac</strong></span> <span class='ocrx_word' id='word_1_61' title='bbox 1010 798 1148 878; x_wconf 82' lang='lat' dir='ltr'><strong>ipsorum,</strong></span> <span class='ocrx_word' id='word_1_62' title='bbox 1167 797 1198 858; x_wconf 88' lang='lat' dir='ltr'><strong>iu</strong></span> <span class='ocrx_word' id='word_1_63' title='bbox 1217 795 1335 860; x_wconf 83' lang='lat' dir='ltr'><strong>sublimi</strong></span> 
     </span>
     <span class='ocr_line' id='line_1_8' title="bbox 197 875 1203 958; baseline -0.011 -12"><span class='ocrx_word' id='word_1_64' title='bbox 197 897 314 946; x_wconf 85' lang='lat' dir='ltr'><strong>manere</strong></span> <span class='ocrx_word' id='word_1_65' title='bbox 332 885 362 938; x_wconf 89' lang='lat' dir='ltr'><strong>et</strong></span> <span class='ocrx_word' id='word_1_66' title='bbox 380 895 430 939; x_wconf 84' lang='lat' dir='ltr'><strong>coa</strong></span> <span class='ocrx_word' id='word_1_67' title='bbox 450 881 599 958; x_wconf 87' lang='lat' dir='ltr'><strong>protegere</strong></span> <span class='ocrx_word' id='word_1_68' title='bbox 618 875 722 937; x_wconf 77' lang='lat' dir='ltr'><strong>virtute</strong></span> <span class='ocrx_word' id='word_1_69' title='bbox 741 883 864 936; x_wconf 77' lang='lat' dir='ltr'><strong>adema.</strong></span> <span class='ocrx_word' id='word_1_70' title='bbox 1199 915 1203 924; x_wconf 85' lang='lat'>·</span> 
     </span>
    </p>
   </div>
   <div class='ocr_carea' id='block_1_3' title="bbox 193 1073 1334 1680">
    <p class='ocr_par' dir='ltr' id='par_1_3' title="bbox 193 1073 1334 1680">
     <span class='ocr_line' id='line_1_9' title="bbox 286 1073 1334 1168; baseline -0.001 -21"><span class='ocrx_word' id='word_1_71' title='bbox 286 1080 340 1147; x_wconf 91' lang='grc'><strong>10.</strong></span> <span class='ocrx_word' id='word_1_72' title='bbox 375 1075 457 1163; x_wconf 86' lang='lat' dir='ltr'><strong>Quia</strong></span> <span class='ocrx_word' id='word_1_73' title='bbox 484 1099 557 1146; x_wconf 88' lang='lat' dir='ltr'><strong>ecce</strong></span> <span class='ocrx_word' id='word_1_74' title='bbox 579 1073 695 1144; x_wconf 87' lang='lat' dir='ltr'><strong>inimici</strong></span> <span class='ocrx_word' id='word_1_75' title='bbox 717 1076 781 1160; x_wconf 89' lang='lat' dir='ltr'><strong>tui,</strong></span> <span class='ocrx_word' id='word_1_76' title='bbox 803 1073 935 1160; x_wconf 86' lang='lat' dir='ltr'><strong>lehova,</strong></span> <span class='ocrx_word' id='word_1_77' title='bbox 957 1075 1030 1168; x_wconf 91' lang='lat' dir='ltr'><strong>quia</strong></span> <span class='ocrx_word' id='word_1_78' title='bbox 1052 1100 1125 1162; x_wconf 79' lang='lat' dir='ltr'><strong>ecce</strong></span> <span class='ocrx_word' id='word_1_79' title='bbox 1146 1075 1261 1147; x_wconf 86' lang='lat' dir='ltr'><strong>inimici</strong></span> <span class='ocrx_word' id='word_1_80' title='bbox 1284 1079 1334 1146; x_wconf 94' lang='lat' dir='ltr'><strong>tui</strong></span> 
     </span>
     <span class='ocr_line' id='line_1_10' title="bbox 194 1181 1332 1280; baseline -0.004 -25"><span class='ocrx_word' id='word_1_81' title='bbox 194 1187 357 1280; x_wconf 83' lang='lat' dir='ltr'><strong>peribunt:</strong></span> <span class='ocrx_word' id='word_1_82' title='bbox 395 1181 631 1274; x_wconf 86' lang='lat' dir='ltr'><strong>dissipabuntur</strong></span> <span class='ocrx_word' id='word_1_83' title='bbox 663 1205 777 1251; x_wconf 88' lang='lat' dir='ltr'><strong>omues</strong></span> <span class='ocrx_word' id='word_1_84' title='bbox 810 1183 944 1273; x_wconf 90' lang='lat' dir='ltr'><strong>operarii</strong></span> <span class='ocrx_word' id='word_1_85' title='bbox 974 1182 1154 1273; x_wconf 81' lang='lat' dir='ltr'><strong>iniquitatis</strong></span> <span class='ocrx_word' id='word_1_86' title='bbox 1200 1187 1253 1251; x_wconf 92' lang='lat'><strong>11.</strong></span> <span class='ocrx_word' id='word_1_87' title='bbox 1285 1183 1332 1252; x_wconf 79' lang='lat' dir='ltr'><strong>Er</strong></span> 
     </span>
     <span class='ocr_line' id='line_1_11' title="bbox 194 1287 1328 1382; baseline -0.002 -22"><span class='ocrx_word' id='word_1_88' title='bbox 194 1291 320 1360; x_wconf 81' lang='lat' dir='ltr'><strong>attolles</strong></span> <span class='ocrx_word' id='word_1_89' title='bbox 344 1289 433 1381; x_wconf 84' lang='lat' dir='ltr'><strong>quasi</strong></span> <span class='ocrx_word' id='word_1_90' title='bbox 454 1287 614 1356; x_wconf 84' lang='lat' dir='ltr'><strong>unicornis</strong></span> <span class='ocrx_word' id='word_1_91' title='bbox 636 1311 737 1356; x_wconf 88' lang='lat' dir='ltr'><strong>cornu</strong></span> <span class='ocrx_word' id='word_1_92' title='bbox 763 1313 888 1359; x_wconf 75' lang='lat' dir='ltr'><strong>meum:</strong></span> <span class='ocrx_word' id='word_1_93' title='bbox 915 1289 1062 1382; x_wconf 88' lang='lat' dir='ltr'><strong>perfusus</strong></span> <span class='ocrx_word' id='word_1_94' title='bbox 1089 1311 1161 1358; x_wconf 89' lang='lat' dir='ltr'><strong>sum</strong></span> <span class='ocrx_word' id='word_1_95' title='bbox 1189 1289 1261 1357; x_wconf 87' lang='lat' dir='ltr'><strong>oleo</strong></span> <span class='ocrx_word' id='word_1_96' title='bbox 1283 1291 1328 1358; x_wconf 89' lang='lat' dir='ltr'><strong>vi-</strong></span> 
     </span>
     <span class='ocr_line' id='line_1_12' title="bbox 194 1393 1329 1488; baseline -0.001 -21"><span class='ocrx_word' id='word_1_97' title='bbox 194 1398 263 1468; x_wconf 88' lang='lat' dir='ltr'><strong>ridi.</strong></span> <span class='ocrx_word' id='word_1_98' title='bbox 309 1397 362 1464; x_wconf 77' lang='lat'><strong>12.</strong></span> <span class='ocrx_word' id='word_1_99' title='bbox 393 1393 437 1462; x_wconf 89' lang='lat' dir='ltr'><strong>Et</strong></span> <span class='ocrx_word' id='word_1_100' title='bbox 457 1393 576 1462; x_wconf 86' lang='lat' dir='ltr'><strong>videbit</strong></span> <span class='ocrx_word' id='word_1_101' title='bbox 598 1394 710 1462; x_wconf 85' lang='lat' dir='ltr'><strong>oculus</strong></span> <span class='ocrx_word' id='word_1_102' title='bbox 732 1419 824 1463; x_wconf 89' lang='lat' dir='ltr'><strong>meus</strong></span> <span class='ocrx_word' id='word_1_103' title='bbox 850 1395 883 1462; x_wconf 92' lang='lat' dir='ltr'><strong>iu</strong></span> <span class='ocrx_word' id='word_1_104' title='bbox 906 1395 1147 1488; x_wconf 85' lang='lat' dir='ltr'><strong>oppressoribus</strong></span> <span class='ocrx_word' id='word_1_105' title='bbox 1168 1397 1261 1464; x_wconf 88' lang='lat' dir='ltr'><strong>meis:</strong></span> <span class='ocrx_word' id='word_1_106' title='bbox 1293 1395 1329 1466; x_wconf 84' lang='lat' dir='ltr'><strong>in</strong></span> 
     </span>
     <span class='ocr_line' id='line_1_13' title="bbox 193 1501 1330 1600; baseline -0.001 -28"><span class='ocrx_word' id='word_1_107' title='bbox 193 1506 233 1573; x_wconf 88' lang='lat' dir='ltr'><strong>iis</strong></span> <span class='ocrx_word' id='word_1_108' title='bbox 256 1503 311 1596; x_wconf 86' lang='lat' dir='ltr'><strong>qui</strong></span> <span class='ocrx_word' id='word_1_109' title='bbox 333 1505 500 1593; x_wconf 87' lang='lat' dir='ltr'><strong>insurgunt</strong></span> <span class='ocrx_word' id='word_1_110' title='bbox 520 1511 628 1569; x_wconf 89' lang='lat' dir='ltr'><strong>contra</strong></span> <span class='ocrx_word' id='word_1_111' title='bbox 651 1524 718 1588; x_wconf 88' lang='lat' dir='ltr'><strong>me,</strong></span> <span class='ocrx_word' id='word_1_112' title='bbox 745 1502 779 1570; x_wconf 91' lang='lat' dir='ltr'><strong>iu</strong></span> <span class='ocrx_word' id='word_1_113' title='bbox 800 1501 838 1568; x_wconf 88' lang='lat' dir='ltr'><strong>iis</strong></span> <span class='ocrx_word' id='word_1_114' title='bbox 861 1502 916 1596; x_wconf 88' lang='lat' dir='ltr'><strong>qui</strong></span> <span class='ocrx_word' id='word_1_115' title='bbox 937 1525 990 1571; x_wconf 92' lang='lat' dir='ltr'><strong>me</strong></span> <span class='ocrx_word' id='word_1_116' title='bbox 1011 1501 1172 1600; x_wconf 81' lang='lat' dir='ltr'><strong>infestant,</strong></span> <span class='ocrx_word' id='word_1_117' title='bbox 1199 1503 1330 1572; x_wconf 85' lang='lat' dir='ltr'><strong>audient</strong></span> 
     </span>
     <span class='ocr_line' id='line_1_14' title="bbox 194 1631 406 1680; baseline -0.024 0"><span class='ocrx_word' id='word_1_118' title='bbox 194 1633 285 1680; x_wconf 87' lang='lat' dir='ltr'><strong>aures</strong></span> <span class='ocrx_word' id='word_1_119' title='bbox 307 1631 406 1676; x_wconf 86' lang='lat' dir='ltr'><strong>meae.</strong></span> 
     </span>
    </p>
   </div>
   <div class='ocr_carea' id='block_1_4' title="bbox 192 1727 1346 2236">
    <p class='ocr_par' dir='ltr' id='par_1_4' title="bbox 192 1727 1346 2236">
     <span class='ocr_line' id='line_1_15' title="bbox 215 1727 1346 1844; baseline -0.003 -26"><span class='ocrx_word' id='word_1_120' title='bbox 215 1772 218 1780; x_wconf 64' lang='lat'><strong><em>¹</em></strong></span> <span class='ocrx_word' id='word_1_121' title='bbox 276 1759 324 1820; x_wconf 85' lang='grc'><strong>10.</strong></span> <span class='ocrx_word' id='word_1_122' title='bbox 357 1760 660 1829; x_wconf 67' lang='lat' dir='ltr'><strong>comemmorans.</strong></span> <span class='ocrx_word' id='word_1_123' title='bbox 698 1754 787 1816; x_wconf 86' lang='lat' dir='ltr'><strong>Iulert</strong></span> <span class='ocrx_word' id='word_1_124' title='bbox 806 1775 844 1816; x_wconf 84' lang='lat' dir='ltr'><strong>ex</strong></span> <span class='ocrx_word' id='word_1_125' title='bbox 862 1755 994 1837; x_wconf 86' lang='lat' dir='ltr'><strong>proxima</strong></span> <span class='ocrx_word' id='word_1_126' title='bbox 1013 1755 1165 1827; x_wconf 85' lang='lat' dir='ltr'><strong>sententia,</strong></span> <span class='ocrx_word' id='word_1_127' title='bbox 1184 1727 1253 1814; x_wconf 85' lang='lat' dir='ltr'><strong>lieri</strong></span> <span class='ocrx_word' id='word_1_128' title='bbox 1266 1769 1346 1844; x_wconf 74' lang='lat' dir='ltr'><strong>gon&#39;</strong></span> 
     </span>
     <span class='ocr_line' id='line_1_16' title="bbox 193 1833 1327 1918; baseline 0 -24"><span class='ocrx_word' id='word_1_129' title='bbox 193 1853 283 1918; x_wconf 80' lang='lat' dir='ltr'><strong>posse</strong></span> <span class='ocrx_word' id='word_1_130' title='bbox 301 1833 461 1916; x_wconf 88' lang='lat' dir='ltr'><strong>quluDaus</strong></span> <span class='ocrx_word' id='word_1_131' title='bbox 479 1836 609 1895; x_wconf 86' lang='lat' dir='ltr'><strong>inimicos</strong></span> <span class='ocrx_word' id='word_1_132' title='bbox 628 1855 696 1896; x_wconf 89' lang='lat' dir='ltr'><strong>suos</strong></span> <span class='ocrx_word' id='word_1_133' title='bbox 715 1835 831 1897; x_wconf 85' lang='lat' dir='ltr'><strong>taudem</strong></span> <span class='ocrx_word' id='word_1_134' title='bbox 851 1843 1020 1917; x_wconf 85' lang='lat' dir='ltr'><strong>prosternat.</strong></span> <span class='ocrx_word' id='word_1_135' title='bbox 1039 1833 1122 1895; x_wconf 86' lang='lat' dir='ltr'><strong>Unde</strong></span> <span class='ocrx_word' id='word_1_136' title='bbox 1140 1835 1244 1901; x_wconf 83' lang='lat' dir='ltr'><strong>elarius</strong></span> <span class='ocrx_word' id='word_1_137' title='bbox 1263 1853 1327 1915; x_wconf 89' lang='lat' dir='ltr'><strong>per-</strong></span> 
     </span>
     <span class='ocr_line' id='line_1_17' title="bbox 195 1913 1327 2053; baseline -0.002 -77"><span class='ocrx_word' id='word_1_138' title='bbox 195 1918 330 1998; x_wconf 79' lang='lat' dir='ltr'><strong>spicimus</strong></span> <span class='ocrx_word' id='word_1_139' title='bbox 350 1915 428 2053; x_wconf 67' lang='lat' dir='ltr'><strong>spond</strong></span> <span class='ocrx_word' id='word_1_140' title='bbox 448 1933 539 1996; x_wconf 88' lang='lat' dir='ltr'><strong>nuper</strong></span> <span class='ocrx_word' id='word_1_141' title='bbox 558 1916 657 1988; x_wconf 86' lang='lat' dir='ltr'><strong>docui,</strong></span> <span class='ocrx_word' id='word_1_142' title='bbox 687 1935 744 1975; x_wconf 92' lang='lat' dir='ltr'><strong>nou</strong></span> <span class='ocrx_word' id='word_1_143' title='bbox 765 1915 821 1976; x_wconf 88' lang='lat' dir='ltr'><strong>alio</strong></span> <span class='ocrx_word' id='word_1_144' title='bbox 840 1924 967 1996; x_wconf 87' lang='lat' dir='ltr'><strong>spectare</strong></span> <span class='ocrx_word' id='word_1_145' title='bbox 986 1915 1147 1996; x_wconf 81' lang='lat' dir='ltr'><strong>Prophetae</strong></span> <span class='ocrx_word' id='word_1_146' title='bbox 1165 1913 1327 1990; x_wconf 82' lang='lat' dir='ltr'><strong>consilium,</strong></span> 
     </span>
     <span class='ocr_line' id='line_1_18' title="bbox 193 2001 1326 2154; baseline 0 -20"><span class='ocrx_word' id='word_1_147' title='bbox 193 2001 418 2136; x_wconf 54' lang='lat' dir='ltr'><strong>diffiniam</strong></span> <span class='ocrx_word' id='word_1_148' title='bbox 441 2074 511 2134; x_wconf 91' lang='lat' dir='ltr'><strong>illud</strong></span> <span class='ocrx_word' id='word_1_149' title='bbox 536 2081 659 2147; x_wconf 89' lang='lat' dir='ltr'><strong>avertat,</strong></span> <span class='ocrx_word' id='word_1_150' title='bbox 685 2094 778 2154; x_wconf 72' lang='lat' dir='ltr'><strong>quum</strong></span> <span class='ocrx_word' id='word_1_151' title='bbox 804 2076 886 2136; x_wconf 89' lang='lat' dir='ltr'><strong>multi</strong></span> <span class='ocrx_word' id='word_1_152' title='bbox 910 2094 928 2136; x_wconf 81' lang='lat' dir='ltr'><strong>a</strong></span> <span class='ocrx_word' id='word_1_153' title='bbox 953 2081 1029 2136; x_wconf 87' lang='lat' dir='ltr'><strong>recta</strong></span> <span class='ocrx_word' id='word_1_154' title='bbox 1052 2075 1326 2150; x_wconf 72' lang='lat' dir='ltr'><strong>¹viaeaturbautur,</strong></span> 
     </span>
     <span class='ocr_line' id='line_1_19' title="bbox 192 2153 1325 2236; baseline -0.001 -22"><span class='ocrx_word' id='word_1_155' title='bbox 192 2157 264 2214; x_wconf 90' lang='lat' dir='ltr'><strong>dum</strong></span> <span class='ocrx_word' id='word_1_156' title='bbox 283 2154 436 2234; x_wconf 90' lang='lat' dir='ltr'><strong>impiorum</strong></span> <span class='ocrx_word' id='word_1_157' title='bbox 456 2156 629 2236; x_wconf 84' lang='lat' dir='ltr'><strong>prosperitas</strong></span> <span class='ocrx_word' id='word_1_158' title='bbox 640 2153 850 2218; x_wconf 67' lang='lat' dir='ltr'><strong>Dei-iudicium</strong></span> <span class='ocrx_word' id='word_1_159' title='bbox 864 2155 1019 2216; x_wconf 90' lang='lat' dir='ltr'><strong>obnubilat.</strong></span> <span class='ocrx_word' id='word_1_160' title='bbox 1039 2153 1325 2215; x_wconf 87' lang='lat' dir='ltr'><strong>Sleutaulemardua</strong></span> 
     </span>
    </p>
   </div>
   <div class='ocr_carea' id='block_1_5' title="bbox 36 2211 1326 2316">
    <p class='ocr_par' dir='ltr' id='par_1_5' title="bbox 36 2211 1326 2316">
     <span class='ocr_line' id='line_1_20' title="bbox 36 2211 1326 2316; baseline -0.002 -19"><span class='ocrx_word' id='word_1_161' title='bbox 36 2211 40 2228; x_wconf 30' lang='grc' dir='ltr'>ι</span> <span class='ocrx_word' id='word_1_162' title='bbox 117 2283 120 2296; x_wconf 90' lang='grc'>.</span> <span class='ocrx_word' id='word_1_163' title='bbox 193 2242 226 2296; x_wconf 82' lang='lat' dir='ltr'><strong>et</strong></span> <span class='ocrx_word' id='word_1_164' title='bbox 244 2233 352 2294; x_wconf 85' lang='lat' dir='ltr'><strong>dllllcili</strong></span> <span class='ocrx_word' id='word_1_165' title='bbox 370 2234 446 2292; x_wconf 86' lang='lat' dir='ltr'><strong>lucta</strong></span> <span class='ocrx_word' id='word_1_166' title='bbox 466 2233 513 2292; x_wconf 89' lang='lat' dir='ltr'><strong>hic</strong></span> <span class='ocrx_word' id='word_1_167' title='bbox 532 2253 605 2314; x_wconf 87' lang='lat' dir='ltr'><strong>opua</strong></span> <span class='ocrx_word' id='word_1_168' title='bbox 625 2223 1154 2316; x_wconf 59' lang='lat' dir='ltr'><strong>eet‚&#39;“ne,bemeuler&#39;iusislltPropbeta</strong></span> <span class='ocrx_word' id='word_1_169' title='bbox 1173 2236 1203 2294; x_wconf 91' lang='lat' dir='ltr'><strong>iu</strong></span> <span class='ocrx_word' id='word_1_170' title='bbox 1222 2233 1326 2294; x_wconf 75' lang='lat' dir='ltr'><strong>doem-</strong></span> 
     </span>
    </p>
   </div>
   <div class='ocr_carea' id='block_1_6' title="bbox 146 2308 1389 4390">
    <p class='ocr_par' dir='ltr' id='par_1_6' title="bbox 191 2308 1327 3093">
     <span class='ocr_line' id='line_1_21' title="bbox 192 2308 1317 2382; baseline -0.003 -7"><span class='ocrx_word' id='word_1_171' title='bbox 192 2333 249 2376; x_wconf 85' lang='lat' dir='ltr'><strong>uac</strong></span> <span class='ocrx_word' id='word_1_172' title='bbox 273 2331 342 2373; x_wconf 83' lang='lat' dir='ltr'><strong>auae</strong></span> <span class='ocrx_word' id='word_1_173' title='bbox 365 2313 617 2374; x_wconf 84' lang='lat' dir='ltr'><strong>confirmationem.</strong></span> <span class='ocrx_word' id='word_1_174' title='bbox 657 2312 709 2382; x_wconf 79' lang='lat' dir='ltr'><strong>Em</strong></span> <span class='ocrx_word' id='word_1_175' title='bbox 731 2308 825 2376; x_wconf 83' lang='lat' dir='ltr'><strong>butico</strong></span> <span class='ocrx_word' id='word_1_176' title='bbox 852 2317 928 2375; x_wconf 88' lang='lat' dir='ltr'><strong>enim</strong></span> <span class='ocrx_word' id='word_1_177' title='bbox 957 2321 1002 2376; x_wconf 89' lang='lat' dir='ltr'><strong>eat</strong></span> <span class='ocrx_word' id='word_1_178' title='bbox 1030 2321 1089 2374; x_wconf 90' lang='lat' dir='ltr'><strong>tam</strong></span> <span class='ocrx_word' id='word_1_179' title='bbox 1114 2314 1317 2374; x_wconf 76' lang='lat' dir='ltr'><strong>demonstratio</strong></span> 
     </span>
     <span class='ocr_line' id='line_1_22' title="bbox 194 2335 1327 2476; baseline 0 -22"><span class='ocrx_word' id='word_1_180' title='bbox 194 2393 282 2476; x_wconf 69' lang='lat' dir='ltr'><strong>apuam</strong></span> <span class='ocrx_word' id='word_1_181' title='bbox 307 2393 445 2474; x_wconf 75' lang='lat' dir='ltr'><strong>repetitio</strong></span> <span class='ocrx_word' id='word_1_182' title='bbox 485 2391 582 2452; x_wconf 92' lang='lat' dir='ltr'><strong>Primo</strong></span> <span class='ocrx_word' id='word_1_183' title='bbox 607 2413 665 2454; x_wconf 21' lang='lat' dir='ltr'><strong>naon</strong></span> <span class='ocrx_word' id='word_1_184' title='bbox 686 2335 779 2453; x_wconf 62' lang='lat' dir='ltr'><strong>minus</strong></span> <span class='ocrx_word' id='word_1_185' title='bbox 799 2413 898 2454; x_wconf 87' lang='lat' dir='ltr'><strong>secure</strong></span> <span class='ocrx_word' id='word_1_186' title='bbox 917 2396 1083 2476; x_wconf 86' lang='lat' dir='ltr'><strong>pronuntiat</strong></span> <span class='ocrx_word' id='word_1_187' title='bbox 1102 2397 1244 2476; x_wconf 88' lang='lat' dir='ltr'><strong>perituros</strong></span> <span class='ocrx_word' id='word_1_188' title='bbox 1264 2357 1327 2454; x_wconf 73' lang='lat' dir='ltr'><strong>esad</strong></span> 
     </span>
     <span class='ocr_line' id='line_1_23' title="bbox 193 2471 1326 2556; baseline -0.002 -20"><span class='ocrx_word' id='word_1_189' title='bbox 193 2471 252 2536; x_wconf 87' lang='lat' dir='ltr'><strong>llei</strong></span> <span class='ocrx_word' id='word_1_190' title='bbox 272 2471 377 2548; x_wconf 86' lang='lat' dir='ltr'><strong>hostes,</strong></span> <span class='ocrx_word' id='word_1_191' title='bbox 397 2474 455 2534; x_wconf 85' lang='lat' dir='ltr'><strong>acsi</strong></span> <span class='ocrx_word' id='word_1_192' title='bbox 474 2474 529 2532; x_wconf 88' lang='lat' dir='ltr'><strong>iam</strong></span> <span class='ocrx_word' id='word_1_193' title='bbox 546 2480 611 2534; x_wconf 83' lang='lat' dir='ltr'><strong>ante</strong></span> <span class='ocrx_word' id='word_1_194' title='bbox 626 2474 725 2534; x_wconf 90' lang='lat' dir='ltr'><strong>oculos</strong></span> <span class='ocrx_word' id='word_1_195' title='bbox 740 2481 815 2534; x_wconf 84' lang='lat' dir='ltr'><strong>esset</strong></span> <span class='ocrx_word' id='word_1_196' title='bbox 829 2493 927 2534; x_wconf 88' lang='lat' dir='ltr'><strong>eorum</strong></span> <span class='ocrx_word' id='word_1_197' title='bbox 942 2476 1080 2548; x_wconf 86' lang='lat' dir='ltr'><strong>interitus,</strong></span> <span class='ocrx_word' id='word_1_198' title='bbox 1100 2475 1186 2556; x_wconf 89' lang='lat' dir='ltr'><strong>idque</strong></span> <span class='ocrx_word' id='word_1_199' title='bbox 1201 2474 1326 2534; x_wconf 85' lang='lat' dir='ltr'><strong>secondo</strong></span> 
     </span>
     <span class='ocr_line' id='line_1_24' title="bbox 194 2552 1325 2634; baseline 0 -20"><span class='ocrx_word' id='word_1_200' title='bbox 194 2553 360 2627; x_wconf 84' lang='lat' dir='ltr'><strong>confirmat,</strong></span> <span class='ocrx_word' id='word_1_201' title='bbox 380 2552 453 2612; x_wconf 90' lang='lat' dir='ltr'><strong>uude</strong></span> <span class='ocrx_word' id='word_1_202' title='bbox 473 2553 632 2633; x_wconf 79' lang='lat' dir='ltr'><strong>colligimus</strong></span> <span class='ocrx_word' id='word_1_203' title='bbox 652 2553 720 2632; x_wconf 89' lang='lat' dir='ltr'><strong>quid</strong></span> <span class='ocrx_word' id='word_1_204' title='bbox 739 2554 767 2614; x_wconf 90' lang='lat' dir='ltr'><strong>ei</strong></span> <span class='ocrx_word' id='word_1_205' title='bbox 786 2553 925 2634; x_wconf 81' lang='lat' dir='ltr'><strong>profuerit</strong></span> <span class='ocrx_word' id='word_1_206' title='bbox 944 2553 1009 2614; x_wconf 87' lang='lat' dir='ltr'><strong>srdei</strong></span> <span class='ocrx_word' id='word_1_207' title='bbox 1029 2573 1099 2614; x_wconf 89' lang='lat' dir='ltr'><strong>suae</strong></span> <span class='ocrx_word' id='word_1_208' title='bbox 1118 2555 1222 2614; x_wconf 89' lang='lat' dir='ltr'><strong>iutuitu</strong></span> <span class='ocrx_word' id='word_1_209' title='bbox 1242 2573 1325 2634; x_wconf 88' lang='lat' dir='ltr'><strong>pene·</strong></span> 
     </span>
     <span class='ocr_line' id='line_1_25' title="bbox 192 2631 1324 2771; baseline -0.002 -77"><span class='ocrx_word' id='word_1_210' title='bbox 192 2641 269 2694; x_wconf 85' lang='lat' dir='ltr'><strong>trare</strong></span> <span class='ocrx_word' id='word_1_211' title='bbox 298 2632 372 2728; x_wconf 64' lang='lat' dir='ltr'><strong>ultra</strong></span> <span class='ocrx_word' id='word_1_212' title='bbox 401 2631 618 2771; x_wconf 52' lang='lat' dir='ltr'><strong>mundulm’gdst</strong></span> <span class='ocrx_word' id='word_1_213' title='bbox 647 2633 746 2693; x_wconf 84' lang='lat' dir='ltr'><strong>oculos</strong></span> <span class='ocrx_word' id='word_1_214' title='bbox 775 2634 960 2730; x_wconf 72' lang='lat' dir='ltr'><strong>adcoeleste</strong></span> <span class='ocrx_word' id='word_1_215' title='bbox 980 2633 1035 2694; x_wconf 89' lang='lat' dir='ltr'><strong>Dei</strong></span> <span class='ocrx_word' id='word_1_216' title='bbox 1061 2633 1165 2694; x_wconf 87' lang='lat' dir='ltr'><strong>solium</strong></span> <span class='ocrx_word' id='word_1_217' title='bbox 1185 2633 1324 2730; x_wconf 40' lang='lat' dir='ltr'><strong>diffidis&amp;</strong></span> 
     </span>
     <span class='ocr_line' id='line_1_26' title="bbox 191 2713 1325 2876; baseline -0.012 -23"><span class='ocrx_word' id='word_1_218' title='bbox 191 2713 561 2876; x_wconf 60' lang='lat' dir='ltr'><strong>{illil‘iiriii‘ilb</strong></span> <span class='ocrx_word' id='word_1_219' title='bbox 579 2713 1256 2873; x_wconf 59' lang='lat' dir='ltr'><strong>titt,’atttlttasitb‘ttt”tutti</strong></span> <span class='ocrx_word' id='word_1_220' title='bbox 1273 2733 1325 2852; x_wconf 73' lang='lat' dir='ltr'><strong>li:</strong></span> 
     </span>
     <span class='ocr_line' id='line_1_27' title="bbox 193 2871 1323 2954; baseline -0.004 -21"><span class='ocrx_word' id='word_1_221' title='bbox 193 2875 295 2946; x_wconf 76' lang='lat' dir='ltr'><strong>emina,</strong></span> <span class='ocrx_word' id='word_1_222' title='bbox 314 2871 375 2930; x_wconf 85' lang='lat' dir='ltr'><strong>fieri</strong></span> <span class='ocrx_word' id='word_1_223' title='bbox 395 2891 453 2932; x_wconf 91' lang='lat' dir='ltr'><strong>nou</strong></span> <span class='ocrx_word' id='word_1_224' title='bbox 473 2877 609 2951; x_wconf 82' lang='lat' dir='ltr'><strong>possent</strong></span> <span class='ocrx_word' id='word_1_225' title='bbox 629 2871 678 2931; x_wconf 92' lang='lat' dir='ltr'><strong>diu</strong></span> <span class='ocrx_word' id='word_1_226' title='bbox 698 2872 727 2930; x_wconf 90' lang='lat' dir='ltr'><strong>in</strong></span> <span class='ocrx_word' id='word_1_227' title='bbox 749 2893 885 2954; x_wconf 88' lang='lat' dir='ltr'><strong>prospero</strong></span> <span class='ocrx_word' id='word_1_228' title='bbox 905 2879 981 2933; x_wconf 88' lang='lat' dir='ltr'><strong>stato</strong></span> <span class='ocrx_word' id='word_1_229' title='bbox 996 2880 1129 2934; x_wconf 82' lang='lat' dir='ltr'><strong>moueant</strong></span> <span class='ocrx_word' id='word_1_230' title='bbox 1143 2874 1204 2931; x_wconf 88' lang='lat' dir='ltr'><strong>eiua</strong></span> <span class='ocrx_word' id='word_1_231' title='bbox 1219 2872 1323 2932; x_wconf 80' lang='lat' dir='ltr'><strong>hostes.</strong></span> 
     </span>
     <span class='ocr_line' id='line_1_28' title="bbox 192 2949 1325 3093; baseline -0.002 -79"><span class='ocrx_word' id='word_1_232' title='bbox 192 2952 287 3014; x_wconf 85' lang='lat' dir='ltr'><strong>Simul</strong></span> <span class='ocrx_word' id='word_1_233' title='bbox 306 2954 393 3012; x_wconf 90' lang='lat' dir='ltr'><strong>eliam</strong></span> <span class='ocrx_word' id='word_1_234' title='bbox 413 2949 510 3088; x_wconf 61' lang='lat' dir='ltr'><strong>dglmit</strong></span> <span class='ocrx_word' id='word_1_235' title='bbox 522 2949 674 3090; x_wconf 52' lang='lat' dir='ltr'><strong>tpfftroplreta</strong></span> <span class='ocrx_word' id='word_1_236' title='bbox 694 2953 810 3089; x_wconf 72' lang='lat' dir='ltr'><strong>quispam</strong></span> <span class='ocrx_word' id='word_1_237' title='bbox 830 2955 887 3050; x_wconf 70' lang='lat' dir='ltr'><strong>siut</strong></span> <span class='ocrx_word' id='word_1_238' title='bbox 906 2952 1002 3092; x_wconf 68' lang='lat' dir='ltr'><strong>buples</strong></span> <span class='ocrx_word' id='word_1_239' title='bbox 1022 2951 1088 3093; x_wconf 52' lang='lat' dir='ltr'><strong>pr</strong></span> <span class='ocrx_word' id='word_1_240' title='bbox 1127 2951 1229 3092; x_wconf 61' lang='lat' dir='ltr'><strong>Npqpa</strong></span> <span class='ocrx_word' id='word_1_241' title='bbox 1248 2956 1325 3046; x_wconf 77' lang='lat' dir='ltr'><strong>euim</strong></span> 
     </span>
    </p>

    <p class='ocr_par' dir='ltr' id='par_1_7' title="bbox 146 3049 1389 4390">
     <span class='ocr_line' id='line_1_29' title="bbox 191 3049 1325 3193; baseline -0.002 -21"><span class='ocrx_word' id='word_1_242' title='bbox 191 3049 917 3193; x_wconf 56' lang='lat' dir='ltr'><strong>ttdtttttlt,‘’atnptttrtlttt&#39;ttll</strong></span> <span class='ocrx_word' id='word_1_243' title='bbox 933 3049 1083 3173; x_wconf 68' lang='lat' dir='ltr'><strong>„tritta</strong></span> <span class='ocrx_word' id='word_1_244' title='bbox 1100 3051 1325 3191; x_wconf 64' lang='lat' dir='ltr'><strong>{latitia</strong></span> 
     </span>
     <span class='ocr_line' id='line_1_30' title="bbox 191 3190 1324 3272; baseline 0 -21"><span class='ocrx_word' id='word_1_245' title='bbox 191 3191 343 3252; x_wconf 86' lang='lat' dir='ltr'><strong>adversum</strong></span> <span class='ocrx_word' id='word_1_246' title='bbox 364 3193 506 3272; x_wconf 81' lang='lat' dir='ltr'><strong>aliquam</strong></span> <span class='ocrx_word' id='word_1_247' title='bbox 526 3191 675 3265; x_wconf 88' lang='lat' dir='ltr'><strong>iniustitia,</strong></span> <span class='ocrx_word' id='word_1_248' title='bbox 698 3191 840 3251; x_wconf 84' lang='lat' dir='ltr'><strong>sceleratis</strong></span> <span class='ocrx_word' id='word_1_249' title='bbox 855 3192 996 3252; x_wconf 67' lang='lat' dir='ltr'><strong>‘omnibus</strong></span> <span class='ocrx_word' id='word_1_250' title='bbox 1016 3191 1245 3253; x_wconf 81' lang='lat' dir='ltr'><strong>irreconciliabile</strong></span> <span class='ocrx_word' id='word_1_251' title='bbox 1266 3190 1324 3251; x_wconf 88' lang='lat' dir='ltr'><strong>bel·</strong></span> 
     </span>
     <span class='ocr_line' id='line_1_31' title="bbox 152 3269 1324 3354; baseline -0.001 -23"><span class='ocrx_word' id='word_1_252' title='bbox 152 3282 155 3304; x_wconf 81' lang='lat'>¹</span> <span class='ocrx_word' id='word_1_253' title='bbox 192 3272 257 3332; x_wconf 91' lang='lat' dir='ltr'><strong>lum</strong></span> <span class='ocrx_word' id='word_1_254' title='bbox 274 3271 427 3329; x_wconf 89' lang='lat' dir='ltr'><strong>denuntiat.</strong></span> <span class='ocrx_word' id='word_1_255' title='bbox 467 3269 564 3349; x_wconf 87' lang='lat' dir='ltr'><strong>Atque</strong></span> <span class='ocrx_word' id='word_1_256' title='bbox 585 3269 651 3329; x_wconf 88' lang='lat' dir='ltr'><strong>hinc</strong></span> <span class='ocrx_word' id='word_1_257' title='bbox 671 3291 729 3329; x_wconf 89' lang='lat' dir='ltr'><strong>noo</strong></span> <span class='ocrx_word' id='word_1_258' title='bbox 750 3271 866 3354; x_wconf 85' lang='lat' dir='ltr'><strong>volgare</strong></span> <span class='ocrx_word' id='word_1_259' title='bbox 885 3271 1019 3331; x_wconf 85' lang='lat' dir='ltr'><strong>aulalium</strong></span> <span class='ocrx_word' id='word_1_260' title='bbox 1038 3273 1198 3354; x_wconf 87' lang='lat' dir='ltr'><strong>percipiunt</strong></span> <span class='ocrx_word' id='word_1_261' title='bbox 1215 3271 1324 3344; x_wconf 78' lang='lat' dir='ltr'><strong>fideles,</strong></span> 
     </span>
     <span class='ocr_line' id='line_1_32' title="bbox 192 3347 1325 3446; baseline -0.001 -36"><span class='ocrx_word' id='word_1_262' title='bbox 192 3351 262 3410; x_wconf 91' lang='lat' dir='ltr'><strong>dum</strong></span> <span class='ocrx_word' id='word_1_263' title='bbox 282 3351 360 3409; x_wconf 77' lang='lat' dir='ltr'><strong>exitii</strong></span> <span class='ocrx_word' id='word_1_264' title='bbox 380 3349 569 3444; x_wconf 79' lang='lat' dir='ltr'><strong>reproborum</strong></span> <span class='ocrx_word' id='word_1_265' title='bbox 589 3347 659 3410; x_wconf 88' lang='lat' dir='ltr'><strong>haec</strong></span> <span class='ocrx_word' id='word_1_266' title='bbox 678 3351 733 3410; x_wconf 88' lang='lat' dir='ltr'><strong>illis</strong></span> <span class='ocrx_word' id='word_1_267' title='bbox 757 3371 841 3446; x_wconf 76' lang='lat' dir='ltr'><strong>cauea</strong></span> <span class='ocrx_word' id='word_1_268' title='bbox 865 3352 1008 3425; x_wconf 88' lang='lat' dir='ltr'><strong>redditur,</strong></span> <span class='ocrx_word' id='word_1_269' title='bbox 1037 3352 1114 3432; x_wconf 89' lang='lat' dir='ltr'><strong>qood</strong></span> <span class='ocrx_word' id='word_1_270' title='bbox 1136 3349 1200 3411; x_wconf 89' lang='lat' dir='ltr'><strong>Deo</strong></span> <span class='ocrx_word' id='word_1_271' title='bbox 1220 3369 1325 3410; x_wconf 81' lang='lat' dir='ltr'><strong>exosos</strong></span> 
     </span>
     <span class='ocr_line' id='line_1_33' title="bbox 192 3429 1325 3608; baseline -0.003 -37"><span class='ocrx_word' id='word_1_272' title='bbox 192 3436 469 3604; x_wconf 46' lang='lat' dir='ltr'><strong>{timiditati</strong></span> <span class='ocrx_word' id='word_1_273' title='bbox 488 3437 778 3570; x_wconf 58' lang='lat' dir='ltr'><strong>limittit</strong></span> <span class='ocrx_word' id='word_1_274' title='bbox 791 3429 1084 3608; x_wconf 63' lang='lat' dir='ltr'><strong>tttttttltttt</strong></span> <span class='ocrx_word' id='word_1_275' title='bbox 1103 3429 1325 3606; x_wconf 62' lang='lat' dir='ltr'><strong>titillat</strong></span> 
     </span>
     <span class='ocr_line' id='line_1_34' title="bbox 191 3588 1389 3750; baseline 0 -21"><span class='ocrx_word' id='word_1_276' title='bbox 191 3611 253 3730; x_wconf 79' lang='lat' dir='ltr'><strong>:tt</strong></span> <span class='ocrx_word' id='word_1_277' title='bbox 268 3588 1210 3750; x_wconf 54' lang='lat' dir='ltr'><strong>ttlr‘gttllittttttttnttl‘lttttttlttttttlt‘t</strong></span> <span class='ocrx_word' id='word_1_278' title='bbox 1229 3589 1325 3730; x_wconf 59' lang='lat'><strong>{³123</strong></span> <span class='ocrx_word' id='word_1_279' title='bbox 1387 3647 1389 3651; x_wconf 89' lang='grc'><strong><em>·</em></strong></span> 
     </span>
     <span class='ocr_line' id='line_1_35' title="bbox 192 3747 1324 3828; baseline -0.002 -19"><span class='ocrx_word' id='word_1_280' title='bbox 192 3751 286 3810; x_wconf 76' lang='lat' dir='ltr'><strong>uiride</strong></span> <span class='ocrx_word' id='word_1_281' title='bbox 304 3750 432 3808; x_wconf 89' lang='lat' dir='ltr'><strong>nominat</strong></span> <span class='ocrx_word' id='word_1_282' title='bbox 452 3767 564 3818; x_wconf 87' lang='lat' dir='ltr'><strong>recens,</strong></span> <span class='ocrx_word' id='word_1_283' title='bbox 590 3747 667 3828; x_wconf 86' lang='lat' dir='ltr'><strong>quod</strong></span> <span class='ocrx_word' id='word_1_284' title='bbox 692 3748 865 3809; x_wconf 86' lang='lat' dir='ltr'><strong>emarcidum</strong></span> <span class='ocrx_word' id='word_1_285' title='bbox 885 3770 942 3809; x_wconf 90' lang='lat' dir='ltr'><strong>nou</strong></span> <span class='ocrx_word' id='word_1_286' title='bbox 962 3756 1018 3820; x_wconf 83' lang='lat' dir='ltr'><strong>eal,</strong></span> <span class='ocrx_word' id='word_1_287' title='bbox 1043 3769 1096 3810; x_wconf 87' lang='lat' dir='ltr'><strong>uec</strong></span> <span class='ocrx_word' id='word_1_288' title='bbox 1114 3757 1254 3810; x_wconf 84' lang='lat' dir='ltr'><strong>vetustate</strong></span> <span class='ocrx_word' id='word_1_289' title='bbox 1273 3747 1324 3808; x_wconf 87' lang='lat' dir='ltr'><strong>ob·</strong></span> 
     </span>
     <span class='ocr_line' id='line_1_36' title="bbox 146 3825 1323 3910; baseline -0.001 -22"><span class='ocrx_word' id='word_1_290' title='bbox 146 3837 150 3846; x_wconf 91' lang='lat'>&#39;</span> <span class='ocrx_word' id='word_1_291' title='bbox 192 3829 304 3888; x_wconf 82' lang='lat' dir='ltr'><strong>solavit.</strong></span> <span class='ocrx_word' id='word_1_292' title='bbox 324 3825 433 3886; x_wconf 89' lang='lat' dir='ltr'><strong>Nolatu</strong></span> <span class='ocrx_word' id='word_1_293' title='bbox 443 3828 528 3888; x_wconf 84' lang='lat' dir='ltr'><strong>etiam</strong></span> <span class='ocrx_word' id='word_1_294' title='bbox 538 3827 653 3908; x_wconf 87' lang='lat' dir='ltr'><strong>dignum</strong></span> <span class='ocrx_word' id='word_1_295' title='bbox 663 3833 716 3902; x_wconf 83' lang='lat' dir='ltr'><strong>est,</strong></span> <span class='ocrx_word' id='word_1_296' title='bbox 737 3828 814 3908; x_wconf 91' lang='lat' dir='ltr'><strong>quod</strong></span> <span class='ocrx_word' id='word_1_297' title='bbox 829 3831 943 3909; x_wconf 87' lang='lat' dir='ltr'><strong>proprie</strong></span> <span class='ocrx_word' id='word_1_298' title='bbox 982 3831 1081 3891; x_wconf 74' lang='lat' dir='ltr'><strong>ratium</strong></span> <span class='ocrx_word' id='word_1_299' title='bbox 1095 3829 1150 3888; x_wconf 90' lang='lat' dir='ltr'><strong>Dei</strong></span> <span class='ocrx_word' id='word_1_300' title='bbox 1169 3828 1323 3910; x_wconf 87' lang='lat' dir='ltr'><strong>piisomni·</strong></span> 
     </span>
     <span class='ocr_line' id='line_1_37' title="bbox 192 3851 1324 3988; baseline 0 -22"><span class='ocrx_word' id='word_1_301' title='bbox 192 3908 246 3967; x_wconf 88' lang='lat' dir='ltr'><strong>boa</strong></span> <span class='ocrx_word' id='word_1_302' title='bbox 266 3925 446 3966; x_wconf 89' lang='lat' dir='ltr'><strong>communem</strong></span> <span class='ocrx_word' id='word_1_303' title='bbox 466 3908 495 3965; x_wconf 89' lang='lat' dir='ltr'><strong>iu</strong></span> <span class='ocrx_word' id='word_1_304' title='bbox 515 3926 598 3966; x_wconf 89' lang='lat' dir='ltr'><strong>suom</strong></span> <span class='ocrx_word' id='word_1_305' title='bbox 619 3927 703 3968; x_wconf 88' lang='lat' dir='ltr'><strong>usum</strong></span> <span class='ocrx_word' id='word_1_306' title='bbox 722 3909 926 3970; x_wconf 84' lang='lat' dir='ltr'><strong>accommodat.</strong></span> <span class='ocrx_word' id='word_1_307' title='bbox 952 3851 1016 3968; x_wconf 53' lang='grc' dir='ltr'><strong>ἰξοῦ</strong></span> <span class='ocrx_word' id='word_1_308' title='bbox 1035 3917 1131 3969; x_wconf 85' lang='lat' dir='ltr'><strong>aulem</strong></span> <span class='ocrx_word' id='word_1_309' title='bbox 1143 3908 1324 3988; x_wconf 81' lang='lat' dir='ltr'><strong>modosigui·</strong></span> 
     </span>
     <span class='ocr_line' id='line_1_38' title="bbox 192 3985 1325 4070; baseline 0 -22"><span class='ocrx_word' id='word_1_310' title='bbox 192 3987 260 4048; x_wconf 81' lang='lat' dir='ltr'><strong>ficar</strong></span> <span class='ocrx_word' id='word_1_311' title='bbox 278 3987 380 4070; x_wconf 75' lang='lat' dir='ltr'><strong>frigere</strong></span> <span class='ocrx_word' id='word_1_312' title='bbox 419 3985 558 4047; x_wconf 87' lang='lat' dir='ltr'><strong>eueralem</strong></span> <span class='ocrx_word' id='word_1_313' title='bbox 574 3988 741 4062; x_wconf 86' lang='lat' dir='ltr'><strong>doctrinam,</strong></span> <span class='ocrx_word' id='word_1_314' title='bbox 761 3988 814 4046; x_wconf 89' lang='lat' dir='ltr'><strong>nisi</strong></span> <span class='ocrx_word' id='word_1_315' title='bbox 830 3990 1025 4070; x_wconf 83' lang='lat' dir='ltr'><strong>uuusquisque</strong></span> <span class='ocrx_word' id='word_1_316' title='bbox 1042 3996 1171 4052; x_wconf 81' lang='lat' dir='ltr'><strong>nostrum</strong></span> <span class='ocrx_word' id='word_1_317' title='bbox 1187 4007 1218 4048; x_wconf 85' lang='lat' dir='ltr'><strong>oe</strong></span> <span class='ocrx_word' id='word_1_318' title='bbox 1233 4007 1325 4048; x_wconf 90' lang='lat' dir='ltr'><strong>uuum</strong></span> 
     </span>
     <span class='ocr_line' id='line_1_39' title="bbox 192 4007 1323 4149; baseline 0 -23"><span class='ocrx_word' id='word_1_319' title='bbox 192 4073 255 4126; x_wconf 86' lang='lat' dir='ltr'><strong>&#39;csse</strong></span> <span class='ocrx_word' id='word_1_320' title='bbox 274 4086 313 4126; x_wconf 85' lang='lat' dir='ltr'><strong>ex</strong></span> <span class='ocrx_word' id='word_1_321' title='bbox 331 4007 461 4126; x_wconf 65' lang='lat' dir='ltr'><strong>filisiiat</strong></span> <span class='ocrx_word' id='word_1_322' title='bbox 480 4085 640 4146; x_wconf 83' lang='lat' dir='ltr'><strong>persuasus,</strong></span> <span class='ocrx_word' id='word_1_323' title='bbox 660 4066 696 4128; x_wconf 88' lang='lat' dir='ltr'><strong>ad</strong></span> <span class='ocrx_word' id='word_1_324' title='bbox 715 4086 780 4127; x_wconf 90' lang='lat' dir='ltr'><strong>eam</strong></span> <span class='ocrx_word' id='word_1_325' title='bbox 800 4069 1023 4148; x_wconf 88' lang='lat' dir='ltr'><strong>participandam</strong></span> <span class='ocrx_word' id='word_1_326' title='bbox 1034 4069 1165 4149; x_wconf 84' lang='lat' dir='ltr'><strong>adspiret.</strong></span> <span class='ocrx_word' id='word_1_327' title='bbox 1185 4065 1323 4140; x_wconf 86' lang='lat' dir='ltr'><strong>Tandem,</strong></span> 
     </span>
     <span class='ocr_line' id='line_1_40' title="bbox 192 4139 1324 4228; baseline 0.002 -24"><span class='ocrx_word' id='word_1_328' title='bbox 192 4154 338 4226; x_wconf 87' lang='lat' dir='ltr'><strong>utcunque</strong></span> <span class='ocrx_word' id='word_1_329' title='bbox 362 4139 476 4205; x_wconf 86' lang='lat' dir='ltr'><strong>mblesti</strong></span> <span class='ocrx_word' id='word_1_330' title='bbox 499 4146 558 4204; x_wconf 88' lang='lat' dir='ltr'><strong>siut</strong></span> <span class='ocrx_word' id='word_1_331' title='bbox 579 4145 689 4220; x_wconf 83' lang='lat' dir='ltr'><strong>bootes,</strong></span> <span class='ocrx_word' id='word_1_332' title='bbox 718 4153 750 4207; x_wconf 90' lang='lat' dir='ltr'><strong>et</strong></span> <span class='ocrx_word' id='word_1_333' title='bbox 772 4166 848 4208; x_wconf 91' lang='lat' dir='ltr'><strong>nuuc</strong></span> <span class='ocrx_word' id='word_1_334' title='bbox 871 4148 992 4220; x_wconf 86' lang='lat' dir='ltr'><strong>insidiis,</strong></span> <span class='ocrx_word' id='word_1_335' title='bbox 1020 4167 1098 4210; x_wconf 90' lang='lat' dir='ltr'><strong>nuuc</strong></span> <span class='ocrx_word' id='word_1_336' title='bbox 1118 4150 1147 4208; x_wconf 83' lang='lat' dir='ltr'><strong>ui</strong></span> <span class='ocrx_word' id='word_1_337' title='bbox 1166 4155 1196 4209; x_wconf 88' lang='lat' dir='ltr'><strong>et</strong></span> <span class='ocrx_word' id='word_1_338' title='bbox 1214 4149 1324 4228; x_wconf 79' lang='lat' dir='ltr'><strong>impetu</strong></span> 
     </span>
     <span class='ocr_line' id='line_1_41' title="bbox 192 4223 1324 4308; baseline 0.001 -24"><span class='ocrx_word' id='word_1_339' title='bbox 192 4245 259 4284; x_wconf 88' lang='lat' dir='ltr'><strong>eom</strong></span> <span class='ocrx_word' id='word_1_340' title='bbox 278 4227 427 4298; x_wconf 77' lang='lat' dir='ltr'><strong>infestent,</strong></span> <span class='ocrx_word' id='word_1_341' title='bbox 446 4223 542 4284; x_wconf 85' lang='lat' dir='ltr'><strong>Deum</strong></span> <span class='ocrx_word' id='word_1_342' title='bbox 563 4224 615 4285; x_wconf 85' lang='lat' dir='ltr'><strong>sibi</strong></span> <span class='ocrx_word' id='word_1_343' title='bbox 634 4225 831 4288; x_wconf 84' lang='lat' dir='ltr'><strong>auxiliatorem</strong></span> <span class='ocrx_word' id='word_1_344' title='bbox 852 4229 1009 4308; x_wconf 83' lang='lat' dir='ltr'><strong>promittit,</strong></span> <span class='ocrx_word' id='word_1_345' title='bbox 1033 4235 1068 4288; x_wconf 87' lang='lat' dir='ltr'><strong>ut</strong></span> <span class='ocrx_word' id='word_1_346' title='bbox 1091 4229 1122 4288; x_wconf 92' lang='lat' dir='ltr'><strong>iu</strong></span> <span class='ocrx_word' id='word_1_347' title='bbox 1145 4227 1200 4290; x_wconf 88' lang='lat' dir='ltr'><strong>bac</strong></span> <span class='ocrx_word' id='word_1_348' title='bbox 1223 4225 1324 4288; x_wconf 89' lang='lat' dir='ltr'><strong>muudi</strong></span> 
     </span>
     <span class='ocr_line' id='line_1_42' title="bbox 192 4303 1325 4390; baseline 0.003 -26"><span class='ocrx_word' id='word_1_349' title='bbox 192 4305 292 4366; x_wconf 88' lang='lat' dir='ltr'><strong>militia</strong></span> <span class='ocrx_word' id='word_1_350' title='bbox 310 4303 476 4386; x_wconf 76' lang='lat' dir='ltr'><strong>infatigabili</strong></span> <span class='ocrx_word' id='word_1_351' title='bbox 492 4304 588 4368; x_wconf 83' lang='lat' dir='ltr'><strong>studio</strong></span> <span class='ocrx_word' id='word_1_352' title='bbox 608 4312 779 4388; x_wconf 79' lang='lat' dir='ltr'><strong>perseveret</strong></span> <span class='ocrx_word' id='word_1_353' title='bbox 819 4305 903 4368; x_wconf 89' lang='lat' dir='ltr'><strong>Uudc</strong></span> <span class='ocrx_word' id='word_1_354' title='bbox 926 4308 1011 4368; x_wconf 85' lang='lat' dir='ltr'><strong>ctiam</strong></span> <span class='ocrx_word' id='word_1_355' title='bbox 1035 4315 1154 4390; x_wconf 87' lang='lat' dir='ltr'><strong>apparot</strong></span> <span class='ocrx_word' id='word_1_356' title='bbox 1172 4326 1261 4389; x_wconf 85' lang='lat' dir='ltr'><strong>quam</strong></span> <span class='ocrx_word' id='word_1_357' title='bbox 1280 4308 1325 4367; x_wconf 93' lang='lat' dir='ltr'><strong>iu·</strong></span> 
     </span>
    </p>
   </div>
   <div class='ocr_carea' id='block_1_7' title="bbox 0 0 1442 4888">
    <p class='ocr_par' dir='ltr' id='par_1_8' title="bbox 0 0 1442 4888">
     <span class='ocr_line' id='line_1_43' title="bbox 0 0 1442 4888; baseline 0 2"><span class='ocrx_word' id='word_1_358' title='bbox 0 0 1442 4888; x_wconf 95' lang='lat' dir='ltr'><strong> </strong></span> 
     </span>
    </p>
   </div>
   <div class='ocr_carea' id='block_1_8' title="bbox 376 1995 1429 2075">
    <p class='ocr_par' dir='ltr' id='par_1_9' title="bbox 376 1995 1429 2075">
     <span class='ocr_line' id='line_1_44' title="bbox 376 1995 1429 2075; baseline 0.001 -22"><span class='ocrx_word' id='word_1_359' title='bbox 376 1995 587 2056; x_wconf 84' lang='lat' dir='ltr'><strong>demonstrem</strong></span> <span class='ocrx_word' id='word_1_360' title='bbox 607 2002 698 2056; x_wconf 88' lang='lat' dir='ltr'><strong>armet</strong></span> <span class='ocrx_word' id='word_1_361' title='bbox 721 2003 821 2055; x_wconf 88' lang='lat' dir='ltr'><strong>contra</strong></span> <span class='ocrx_word' id='word_1_362' title='bbox 845 1997 940 2057; x_wconf 90' lang='lat' dir='ltr'><strong>omnia</strong></span> <span class='ocrx_word' id='word_1_363' title='bbox 965 1996 1131 2056; x_wconf 77' lang='lat' dir='ltr'><strong>certamiuua</strong></span> <span class='ocrx_word' id='word_1_364' title='bbox 1159 1998 1328 2075; x_wconf 79' lang='lat' dir='ltr'><strong>praesertim</strong></span> <span class='ocrx_word' id='word_1_365' title='bbox 1428 2021 1429 2026; x_wconf 43' lang='lat'>¹</span> 
     </span>
    </p>
   </div>
  </div>
 </body>
</html>
