2862 4888
508 293 550 334 ts
581 293 857 342 caulem
1225 297 1260 352 69

121 421 203 476 etlam
226 416 331 496 affligi:
352 415 434 476 sicuti
454 413 595 490 Ezechiel,
621 415 762 488 lereniias,
788 395 899 490 liubit-l,
926 424 950 472 et
974 417 1074 498 reliqui
1095 417 1122 476 in
1144 417 1258 476 exilium

122 497 202 554 tracti
222 503 300 554 sunt.
340 495 403 554 Etsi
423 495 497 556 enim
519 517 575 556 non
597 515 713 574 prorsus
738 503 818 555 erarrt
837 499 954 570 innoxii,
975 503 1082 556 eertum
1102 504 1196 556 tamen
1217 505 1260 572 est

122 597 179 636 nun
203 575 293 634 baisse
316 581 425 634 tantam
450 575 558 634 cladem
579 575 688 650 illatam
716 576 823 654 populo
850 593 948 634 orreum
970 595 1068 636 causa:
1094 575 1142 634 sed
1163 577 1262 658 potina

121 659 149 718 iu
167 675 269 714 eorum
295 673 417 736 persam
441 653 633 736 spectaculum
658 655 817 714 exhibitum
843 655 929 716 luisse
959 657 1061 738 impiis,
1086 657 1145 736 qud
1170 657 1259 739 magis

121 743 166 795 tau
205 741 315 796 rentur.
422 753 425 760 ⁴

36 802 43 817 ’
168 755 248 876 se11.
275 817 384 874 Veniat
402 801 513 876 eorum.
537 811 611 892 Quin
637 833 694 872 non
715 812 814 881 dubito
840 813 909 894 quin
929 820 998 872 tnnc
1017 815 1256 896 exsulaveritpo·

119 893 204 974 pulue
225 892 299 968 Dei,
323 913 411 974 quum
431 892 557 974 Spiritus
580 893 653 952 lianc
677 895 868 972 precationem
894 893 1020 966 dictavit,
1043 896 1153 954 vinctos
1173 915 1258 974 gene·

118 973 217 1032 naliter
243 974 373 1034 nominat
397 973 539 1053 Propheta
565 975 613 1053 qui
639 971 742 1031 linibus
763 972 901 1110 :lappelee
926 979 954 1030 et
979 971 1138 1033 Chaldaeae
1157 973 1258 1037 inclusi
1331 965 1342 987 ⁸

117 1059 210 1125 erant,
231 1060 265 1112 ut
284 1053 405 1132 capitale
430 1059 504 1111 esset
529 1052 606 1112 illinc
629 1069 747 1110 movere
772 1071 808 1132 pe
828 1071 884 1110 em.
924 1054 1020 1111 Filios
1038 1059 1132 1112 autem
1152 1061 1258 1114 mortis

118 1135 265 1206 nominat,
290 1135 371 1212 qnasi
396 1132 525 1191 addictos
541 1132 596 1192 acl
621 1131 776 1190 destinatos
801 1133 902 1204 morti,
927 1133 1096 1210 captivitatis
1116 1140 1255 1212 respectu.

120 1209 298 1291 Quanquam
319 1210 472 1271 absurdum
492 1230 550 1270 non
570 1213 626 1270 erit
639 1212 807 1292 reiungere
822 1211 857 1270 ad
870 1211 1151 1290 pancnasenteutiam
1173 1211 1255 1284 lianc,

119 1292 168 1368 qui
190 1295 220 1349 iu
241 1293 392 1350 arctiorem
412 1289 570 1350 custodiam
590 1291 684 1349 traditi
705 1297 793 1350 erant.
834 1289 896 1348 llac
915 1298 1009 1350 autem
1030 1309 1100 1348 voce
1119 1289 1258 1370 significat

119 1369 266 1452 Propheta
291 1371 396 1429 fractos
421 1385 482 1428 eata
507 1375 536 1428 et
560 1389 626 1428 vere
652 1369 813 1428 humiliatos
839 1369 949 1428 feroces
977 1369 1041 1428 illos
1065 1369 1180 1448 spiritus
1206 1369 1256 1449 qui

118 1451 197 1530 prius
219 1457 319 1510 contra
330 1448 425 1508 Deum
446 1449 667 1508 exsultaverant.
697 1447 735 1506 Et
754 1451 987 1544 magnitudinem
1007 1447 1183 1508 bruebiiDei
1202 1449 1254 1508 lm·

118 1531 222 1609 plorat,
247 1532 317 1610 quia
336 1533 398 1590 siue
421 1529 523 1610 insigni
543 1528 681 1588 miraculo
706 1547 812 1610 aporau
831 1547 888 1588 non
908 1535 1022 1610 poterat
1040 1515 1180 1588 rbtitutio
1200 1525 1254 1590 Ec·

114 1611 225 1670 etesiae.

198 1693 248 1752 1‘2.
269 1691 311 1750 Et
329 1689 459 1769 repende.
500 1685 576 1748 Satis
596 1687 651 1748 iam
673 1688 708 1748 de
732 1687 854 1748 vindicta
876 1689 980 1748 dietum
1001 1693 1059 1749 est:
1083 1695 1113 1748 et
1132 1687 1180 1749 bic
1198 1685 1253 1749 ela·

117 1769 175 1828 rius
196 1769 396 1828 demonstrant
419 1767 525 1842 fideles,
551 1789 611 1832 nun
636 1775 694 1830 tam
715 1769 873 1828 semoveri
894 1769 1009 1848 privatis
1029 1767 1146 1844 iniuriis,
1166 1785 1254 1849 quam

117 1851 165 1928 pio
190 1851 257 1908 nelo
281 1847 485 1908 excandescere
505 1847 553 1906 ubi
578 1847 720 1928 proscindi
745 1849 843 1908 vident
862 1867 973 1906 sacrum
994 1845 1048 1908 Dei
1067 1867 1181 1920 nomen,
1202 1849 1253 1930 qni

116 1929 238 1990 allectas
261 1929 284 1986 ai
306 1927 412 2006 vigebit
431 1927 460 1984 in
480 1927 713 1999 animisnostris,
733 1925 814 1987 lucile
834 1927 1026 1986 moderabitur
1040 1929 1131 1988 cumis
1150 1927 1253 1988 intem·

118 2009 239 2088 periem:
266 2009 290 2066 ai
311 2013 406 2065 antem
426 2007 541 2065 accedat
560 2007 582 2064 S
604 2009 684 2066 initus
707 2007 865 2088 prudentia,
889 2009 965 2066 iusto
985 2005 1041 2067 Dei
1061 2007 1164 2068 iudicio
1183 2015 1252 2086 vota

117 2093 214 2146 nostra
246 2093 324 2147 recte
353 2083 539 2145 subscribent,
581 2027 686 2144 llltimo
715 2105 799 2145 versu
829 2087 955 2146 boeium
983 2105 1052 2146 auae
1080 2085 1252 2147 liberationis

117 2165 198 2224 hunc
218 2166 281 2226 tore
307 2165 484 2246 praedicant,
510 2173 544 2224 ut
563 2167 622 2226 Dei
645 2189 751 2228 nomen
774 2168 944 2226 celebretur.-
972 2167 1055 2224 sicuti
1079 2167 1195 2226 minime
1220 2167 1250 2225 in

120 2247 209 2304 atium
232 2245 320 2304 tinem
345 2243 426 2306 nobis
451 2245 575 2324 optanda
598 2250 644 2303 est
668 2245 754 2305 salus.
793 2243 830 2303 Et
853 2246 915 2324 ipae
938 2246 1023 2304 etiam
1049 2247 1135 2326 gratis
1155 2247 1252 2306 omnia

120 2325 202 2384 nobis
219 2324 349 2406 largitor,
373 2329 485 2383 tautum
513 2331 544 2383 ut
563 2343 644 2383 suam
664 2323 816 2384 bonitatem
837 2324 965 2382 illustdet.
1006 2321 1181 2384 Promittant
1195 2343 1249 2384 au·

119 2411 175 2464 tem
195 2424 255 2464 non
275 2403 371 2486 exigui
391 2405 526 2484 lamponis
546 2403 760 2484 gratitudinem,
785 2402 834 2461 aed
860 2405 940 2462 cuins
966 2404 1102 2463 memoria
1122 2403 1250 2464 tradatur

115 2487 247 2566 posteris,
267 2491 297 2543 ct
316 2503 368 2565 per
387 2485 534 2542 continuas
553 2489 660 2543 aetates
679 2488 804 2546 transeat
823 2481 858 2540 de
878 2501 964 2540 mann
983 2481 1013 2542 iu
1032 2499 1158 2542 manum.
1189 2481 1248 2543 No·

113 2565 199 2624 tanda
220 2564 306 2623 etiam
328 2565 536 2622 circumstantia
556 2567 611 2636 est,
631 2561 709 2641 quod
722 2563 798 2634 dicit,
817 2563 885 2621 Noa
897 2563 1119 2644 popularium
1137 2571 1165 2623 et
1181 2583 1257 2623 ouen¹

108 2665 294 2724 pascuorum
312 2653 440 2704 tuorum.
480 2639 555 2720 Quia
576 2642 651 2700 eninr
672 2642 762 2702 electa
782 2649 842 2702 erut
862 2642 1012 2722 posteritas
1022 2639 1153 2710 Abrabae
1173 2661 1247 2722 quae

109 2743 218 2784 nomen
239 2722 296 2783 llei
321 2722 488 2794 celebraret,
513 2728 542 2780 et
566 2721 664 2782 laudes
688 2723 749 2780 eius
773 2723 802 2779 iu
822 2720 893 2780 Sion
913 2721 1097 2780 resonabantc
1117 2722 1245 2781 extincto

111 2805 163 2862 ittn
185 2803 305 2883 populo,
325 2801 393 2882 qnid
414 2801 541 2860 loturum
561 2809 622 2860 crat
642 2802 694 2860 nisi
707 2808 738 2862 ut
757 2801 935 2860 intercideret
946 2820 1049 2860 nomen
1065 2801 1159 2882 ipsum
1170 2799 1247 2860 Dei?

111 2883 174 2942 bec
194 2883 311 2949 dubium
333 2887 377 2940 eat
396 2882 464 2959 quin
485 2881 653 2961 respondeat
672 2880 720 2939 hic
738 2881 817 2940 locus
828 2881 960 2940 vaticinio
970 2879 1073 2940 lesaiae
1092 2881 1245 2960 capitata,

109 2982 186 3030 vers.
206 2967 256 3025 21.
296 2959 440 3044 Populum
460 2959 537 3021 bunc
555 2959 625 3022 mihi
645 2960 747 3036 creavi,
766 2959 879 3024 laudem
898 2979 992 3022 meam
1010 2957 1143 3069 narrabit.

424 3275 753 3348 PSALMUS
798 3275 934 3346 LXXX.

108 3455 173 3494 m.
187 3451 296 3494 Precatio
308 3454 343 3492 eet
355 3447 507 3504 intestabilis,
517 3455 544 3492 ee
555 3451 616 3492 Deae
629 3449 730 3507 afflictae
746 3461 800 3491 aena
812 3448 927 3493 Ecclesiae
943 3445 1061 3492 nitentat.
1088 3447 1133 3490 sad
1148 3459 1191 3504 pau
1197 3447 1239 3504 sa-

187 3521 254 3564 sitta
267 3533 326 3576 ape·
340 3519 405 3562 ratae
422 3521 471 3563 aeia
487 3521 574 3561 atara-ia
587 3521 699 3576 inpetrent
709 3519 803 3576 fideles,
822 3533 861 3562 ena
874 3525 1000 3575 conparant
1014 3533 1061 3562 een
1073 3519 1121 3561 nie
1134 3517 1240 3571 wardiis,

186 3593 210 3634 tn
221 3591 300 3649 quatu
312 3589 402 3647 ψἰἱοὲε
413 3589 536 3646 malm
548 3591 593 3632 Det
604 3591 689 3646 gnata.

105 3807 109 3815 ,
149 3721 314 3791 Praefecto
336 3741 432 3811 super
453 3719 623 3788 Sosannim
649 3717 766 3804 Edutb,
794 3720 938 3790 Psalmus
959 3719 1078 3812 Anaph.
1122 3722 1154 3786 9.
1176 3717 1239 3803 Qui

106 3828 208 3919 pascis
228 3827 326 3896 larabl
346 3825 496 3909 ausculta,
518 3827 572 3918 qui
595 3827 683 3894 ducis
705 3839 855 3918 unquam
879 3849 956 3896 oves
977 3827 1102 3916 loseph,
1123 3823 1237 3893 sedena

105 3939 186 4002 inter
207 3931 381 4002 Cherubim
402 3957 531 4024 appare:
575 3934 607 4002 3.
635 3931 751 4000 Coram
778 3932 930 4026 Ephraim
957 3944 991 4006 et
1015 3932 1179 4002 Beniamin
1206 3939 1238 4000 et

105 4041 250 4110 blenasse
261 4039 365 4108 excita
375 4039 525 4108 vinulam
536 4049 634 4122 tuam,
646 4049 678 4107 et
688 4039 761 4108 veui
779 4039 813 4106 in
823 4039 1070 4109 salutemnobis.
1103 4033 1239 4107 ⁴illene

100 4157 249 4217 converte
271 4133 342 4228 aios,
364 4155 396 4214 et
417 4143 521 4214 lucere
543 4145 591 4214 lac
613 4145 724 4214 laniem
746 4156 845 4242 marn,
867 4159 900 4216 et
921 4145 998 4215 salvi
1021 4146 1147 4214 erimus.

176 4315 355 4398 Quanquam
375 4313 506 4376 Psalmub
529 4315 576 4378 bic
599 4319 733 4400 proximo
752 4317 844 4378 affinis
869 4323 928 4392 est,
952 4315 1022 4376 mibi
1041 4321 1137 4376 tamen
1157 4315 1235 4376 vida-

96 4405 143 4461 tor
161 4398 342 4480 compositus
362 4413 424 4458 esee
443 4396 474 4496 in
493 4398 613 4478 gratiam
633 4399 732 4460 decem
752 4397 888 4472 tribuum,
907 4403 1063 4480 postquam
1072 4395 1158 4456 variis
1177 4395 1234 4461 cla·
