<?xml version="1.0" encoding="UTF-8"?>
<!DOCTYPE html PUBLIC "-//W3C//DTD XHTML 1.0 Transitional//EN"
    "http://www.w3.org/TR/xhtml1/DTD/xhtml1-transitional.dtd">
<html xmlns="http://www.w3.org/1999/xhtml" xml:lang="en" lang="en">
 <head>
  <title>
</title>
<meta http-equiv="Content-Type" content="text/html;charset=utf-8" />
  <meta name='ocr-system' content='tesseract 3.04.00' />
  <meta name='ocr-capabilities' content='ocr_page ocr_carea ocr_par ocr_line ocrx_word'/>
</head>
<body>
  <div class='ocr_page' id='page_1' title='image "./ioanniscalvinii04tholgoog_0328.png"; bbox 0 0 2884 4886; ppageno 0'>
   <div class='ocr_carea' id='block_1_1' title="bbox 508 241 1264 346">
    <p class='ocr_par' dir='ltr' id='par_1_1' title="bbox 508 241 1264 346">
     <span class='ocr_line' id='line_1_1' title="bbox 508 241 1264 346; baseline 0.029 -23"><span class='ocrx_word' id='word_1_1' title='bbox 508 285 554 333; x_wconf 76' lang='lat' dir='ltr'><strong>ra</strong></span> <span class='ocrx_word' id='word_1_2' title='bbox 582 241 744 326; x_wconf 69' lang='lat' dir='ltr'><strong>risere</strong></span> <span class='ocrx_word' id='word_1_3' title='bbox 771 283 880 327; x_wconf 80' lang='lat' dir='ltr'><strong>carus.</strong></span> <span class='ocrx_word' id='word_1_4' title='bbox 954 241 957 256; x_wconf 73' lang='lat'><strong>,</strong></span> <span class='ocrx_word' id='word_1_5' title='bbox 1209 287 1264 346; x_wconf 74' lang='grc'><strong>319</strong></span> 
     </span>
    </p>
   </div>
   <div class='ocr_carea' id='block_1_2' title="bbox 120 399 1259 582">
    <p class='ocr_par' dir='ltr' id='par_1_2' title="bbox 120 399 1259 582">
     <span class='ocr_line' id='line_1_2' title="bbox 120 399 1259 495; baseline -0.001 -17"><span class='ocrx_word' id='word_1_6' title='bbox 120 409 166 478; x_wconf 89' lang='lat' dir='ltr'><strong>tia</strong></span> <span class='ocrx_word' id='word_1_7' title='bbox 192 404 272 474; x_wconf 87' lang='lat' dir='ltr'><strong>eius.</strong></span> <span class='ocrx_word' id='word_1_8' title='bbox 321 399 356 474; x_wconf 82' lang='lat'><strong>4.</strong></span> <span class='ocrx_word' id='word_1_9' title='bbox 377 401 493 478; x_wconf 81' lang='lat' dir='ltr'><strong>Dicant</strong></span> <span class='ocrx_word' id='word_1_10' title='bbox 507 425 605 474; x_wconf 82' lang='lat' dir='ltr'><strong>nanc</strong></span> <span class='ocrx_word' id='word_1_11' title='bbox 626 404 773 486; x_wconf 72' lang='lat' dir='ltr'><strong>timentm</strong></span> <span class='ocrx_word' id='word_1_12' title='bbox 789 401 943 476; x_wconf 84' lang='lat' dir='ltr'><strong>lelaoraau</strong></span> <span class='ocrx_word' id='word_1_13' title='bbox 960 403 1040 495; x_wconf 86' lang='lat' dir='ltr'><strong>quia</strong></span> <span class='ocrx_word' id='word_1_14' title='bbox 1059 403 1095 474; x_wconf 87' lang='lat' dir='ltr'><strong>in</strong></span> <span class='ocrx_word' id='word_1_15' title='bbox 1114 405 1259 483; x_wconf 73' lang='lat' dir='ltr'><strong>samium</strong></span> 
     </span>
     <span class='ocr_line' id='line_1_3' title="bbox 123 509 499 582; baseline -0.016 0"><span class='ocrx_word' id='word_1_16' title='bbox 123 510 290 582; x_wconf 82' lang='lat' dir='ltr'><strong>elementia</strong></span> <span class='ocrx_word' id='word_1_17' title='bbox 316 509 396 578; x_wconf 86' lang='lat' dir='ltr'><strong>eius.</strong></span> <span class='ocrx_word' id='word_1_18' title='bbox 497 545 499 550; x_wconf 84' lang='grc'><em>·</em></span> 
     </span>
    </p>
   </div>
   <div class='ocr_carea' id='block_1_3' title="bbox 97 687 1324 2128">
    <p class='ocr_par' dir='ltr' id='par_1_3' title="bbox 97 687 1324 2128">
     <span class='ocr_line' id='line_1_4' title="bbox 168 687 1262 776; baseline 0.004 -22"><span class='ocrx_word' id='word_1_19' title='bbox 168 757 172 769; x_wconf 72' lang='grc'>,</span> <span class='ocrx_word' id='word_1_20' title='bbox 204 693 232 754; x_wconf 98' lang='grc'><strong>1.</strong></span> <span class='ocrx_word' id='word_1_21' title='bbox 250 691 400 752; x_wconf 56' lang='lat' dir='ltr'><strong>&amp;lebete</strong></span> <span class='ocrx_word' id='word_1_22' title='bbox 423 691 570 752; x_wconf 77' lang='lat' dir='ltr'><strong>tolosum.</strong></span> <span class='ocrx_word' id='word_1_23' title='bbox 601 687 747 752; x_wconf 80' lang='lat' dir='ltr'><strong>‘Videmus</strong></span> <span class='ocrx_word' id='word_1_24' title='bbox 772 687 914 752; x_wconf 80' lang='lat' dir='ltr'><strong>llaridem</strong></span> <span class='ocrx_word' id='word_1_25' title='bbox 938 709 999 753; x_wconf 91' lang='lat' dir='ltr'><strong>nou</strong></span> <span class='ocrx_word' id='word_1_26' title='bbox 1024 709 1108 774; x_wconf 80' lang='lat' dir='ltr'><strong>agere</strong></span> <span class='ocrx_word' id='word_1_27' title='bbox 1126 693 1262 776; x_wconf 79' lang='lat' dir='ltr'><strong>privatim</strong></span> 
     </span>
     <span class='ocr_line' id='line_1_5' title="bbox 125 769 1261 858; baseline 0.004 -26"><span class='ocrx_word' id='word_1_28' title='bbox 125 771 229 858; x_wconf 68' lang='lat' dir='ltr'><strong>gratias</strong></span> <span class='ocrx_word' id='word_1_29' title='bbox 250 769 329 842; x_wconf 82' lang='lat' dir='ltr'><strong>Deo,</strong></span> <span class='ocrx_word' id='word_1_30' title='bbox 358 769 409 830; x_wconf 90' lang='lat' dir='ltr'><strong>sed</strong></span> <span class='ocrx_word' id='word_1_31' title='bbox 432 771 571 852; x_wconf 89' lang='lat' dir='ltr'><strong>populum</strong></span> <span class='ocrx_word' id='word_1_32' title='bbox 596 769 671 839; x_wconf 86' lang='lat' dir='ltr'><strong>clara</strong></span> <span class='ocrx_word' id='word_1_33' title='bbox 697 791 768 830; x_wconf 87' lang='lat' dir='ltr'><strong>voce</strong></span> <span class='ocrx_word' id='word_1_34' title='bbox 788 771 894 832; x_wconf 89' lang='lat' dir='ltr'><strong>hortari</strong></span> <span class='ocrx_word' id='word_1_35' title='bbox 915 771 953 842; x_wconf 86' lang='lat' dir='ltr'><strong>ad</strong></span> <span class='ocrx_word' id='word_1_36' title='bbox 973 791 1129 834; x_wconf 86' lang='lat' dir='ltr'><strong>commuue</strong></span> <span class='ocrx_word' id='word_1_37' title='bbox 1168 775 1261 836; x_wconf 83' lang='lat' dir='ltr'><strong>ietatis</strong></span> 
     </span>
     <span class='ocr_line' id='line_1_6' title="bbox 125 795 1262 934; baseline 0.002 -20"><span class='ocrx_word' id='word_1_38' title='bbox 125 851 268 924; x_wconf 83' lang='lat' dir='ltr'><strong>officium,</strong></span> <span class='ocrx_word' id='word_1_39' title='bbox 288 851 345 910; x_wconf 89' lang='lat' dir='ltr'><strong>hoc</strong></span> <span class='ocrx_word' id='word_1_40' title='bbox 363 856 459 911; x_wconf 89' lang='lat' dir='ltr'><strong>autem</strong></span> <span class='ocrx_word' id='word_1_41' title='bbox 480 849 555 926; x_wconf 87' lang='lat' dir='ltr'><strong>lucit,</strong></span> <span class='ocrx_word' id='word_1_42' title='bbox 574 871 632 911; x_wconf 91' lang='lat' dir='ltr'><strong>non</strong></span> <span class='ocrx_word' id='word_1_43' title='bbox 653 851 739 910; x_wconf 93' lang='lat' dir='ltr'><strong>modo</strong></span> <span class='ocrx_word' id='word_1_44' title='bbox 760 853 827 931; x_wconf 84' lang='lat' dir='ltr'><strong>quia</strong></span> <span class='ocrx_word' id='word_1_45' title='bbox 847 851 906 911; x_wconf 84' lang='lat' dir='ltr'><strong>dux</strong></span> <span class='ocrx_word' id='word_1_46' title='bbox 926 856 956 912; x_wconf 86' lang='lat' dir='ltr'><strong>et</strong></span> <span class='ocrx_word' id='word_1_47' title='bbox 975 855 1108 934; x_wconf 76' lang='lat' dir='ltr'><strong>magister</strong></span> <span class='ocrx_word' id='word_1_48' title='bbox 1127 795 1262 916; x_wconf 72' lang='lat' dir='ltr'><strong>eliserat</strong></span> 
     </span>
     <span class='ocr_line' id='line_1_7' title="bbox 126 927 1260 1011; baseline 0.001 -18"><span class='ocrx_word' id='word_1_49' title='bbox 126 933 287 993; x_wconf 86' lang='lat' dir='ltr'><strong>ordinatus:</strong></span> <span class='ocrx_word' id='word_1_50' title='bbox 307 928 358 988; x_wconf 89' lang='lat' dir='ltr'><strong>sed</strong></span> <span class='ocrx_word' id='word_1_51' title='bbox 378 931 445 1010; x_wconf 86' lang='lat' dir='ltr'><strong>quia</strong></span> <span class='ocrx_word' id='word_1_52' title='bbox 466 927 556 1003; x_wconf 86' lang='lat' dir='ltr'><strong>Deus,</strong></span> <span class='ocrx_word' id='word_1_53' title='bbox 575 939 641 990; x_wconf 83' lang='lat' dir='ltr'><strong>enm</strong></span> <span class='ocrx_word' id='word_1_54' title='bbox 661 930 782 990; x_wconf 88' lang='lat' dir='ltr'><strong>creando</strong></span> <span class='ocrx_word' id='word_1_55' title='bbox 802 929 922 1011; x_wconf 78' lang='lat' dir='ltr'><strong>Regem,</strong></span> <span class='ocrx_word' id='word_1_56' title='bbox 940 927 1084 998; x_wconf 83' lang='lat' dir='ltr'><strong>Ecclesiae</strong></span> <span class='ocrx_word' id='word_1_57' title='bbox 1102 953 1170 992; x_wconf 85' lang='lat' dir='ltr'><strong>sune</strong></span> <span class='ocrx_word' id='word_1_58' title='bbox 1189 933 1260 994; x_wconf 80' lang='lat' dir='ltr'><strong>aldi·</strong></span> 
     </span>
     <span class='ocr_line' id='line_1_8' title="bbox 125 1007 1261 1093; baseline 0.002 -21"><span class='ocrx_word' id='word_1_59' title='bbox 125 1019 190 1072; x_wconf 87' lang='lat' dir='ltr'><strong>ctae</strong></span> <span class='ocrx_word' id='word_1_60' title='bbox 215 1011 347 1070; x_wconf 87' lang='lat' dir='ltr'><strong>misertus</strong></span> <span class='ocrx_word' id='word_1_61' title='bbox 370 1009 472 1069; x_wconf 85' lang='lat' dir='ltr'><strong>iuerat.</strong></span> <span class='ocrx_word' id='word_1_62' title='bbox 512 1007 588 1090; x_wconf 80' lang='lat' dir='ltr'><strong>Ergo</strong></span> <span class='ocrx_word' id='word_1_63' title='bbox 608 1007 747 1070; x_wconf 81' lang='lat' dir='ltr'><strong>lsrailitaa</strong></span> <span class='ocrx_word' id='word_1_64' title='bbox 771 1009 808 1070; x_wconf 90' lang='lat' dir='ltr'><strong>ad</strong></span> <span class='ocrx_word' id='word_1_65' title='bbox 827 1011 1044 1093; x_wconf 76' lang='lat' dir='ltr'><strong>praedicandam</strong></span> <span class='ocrx_word' id='word_1_66' title='bbox 1064 1011 1122 1073; x_wconf 85' lang='lat' dir='ltr'><strong>Dei</strong></span> <span class='ocrx_word' id='word_1_67' title='bbox 1140 1015 1261 1093; x_wconf 78' lang='lat' dir='ltr'><strong>gratiam</strong></span> 
     </span>
     <span class='ocr_line' id='line_1_9' title="bbox 97 1087 1324 1186; baseline 0.007 -42"><span class='ocrx_word' id='word_1_68' title='bbox 97 1090 271 1164; x_wconf 64' lang='lat' dir='ltr'><strong>,hortatum</strong></span> <span class='ocrx_word' id='word_1_69' title='bbox 296 1089 377 1148; x_wconf 87' lang='lat' dir='ltr'><strong>cuius</strong></span> <span class='ocrx_word' id='word_1_70' title='bbox 401 1087 529 1148; x_wconf 79' lang='lat' dir='ltr'><strong>felicibus</strong></span> <span class='ocrx_word' id='word_1_71' title='bbox 553 1091 683 1186; x_wconf 71' lang='lat' dir='ltr'>auspiciis</span> <span class='ocrx_word' id='word_1_72' title='bbox 708 1087 805 1170; x_wconf 89' lang='lat' dir='ltr'><strong>prodit</strong></span> <span class='ocrx_word' id='word_1_73' title='bbox 829 1089 928 1150; x_wconf 86' lang='lat' dir='ltr'><strong>salutis</strong></span> <span class='ocrx_word' id='word_1_74' title='bbox 952 1109 1052 1151; x_wconf 89' lang='lat' dir='ltr'><strong>eorum</strong></span> <span class='ocrx_word' id='word_1_75' title='bbox 1078 1094 1260 1153; x_wconf 86' lang='lat' dir='ltr'><strong>instaurator.</strong></span> <span class='ocrx_word' id='word_1_76' title='bbox 1322 1100 1324 1108; x_wconf 90' lang='lat'>&#39;</span> 
     </span>
     <span class='ocr_line' id='line_1_10' title="bbox 126 1165 1261 1248; baseline 0.001 -17"><span class='ocrx_word' id='word_1_77' title='bbox 126 1169 303 1231; x_wconf 75' lang='lat' dir='ltr'>Generaliter</span> <span class='ocrx_word' id='word_1_78' title='bbox 328 1167 442 1248; x_wconf 91' lang='lat' dir='ltr'><strong>quidem</strong></span> <span class='ocrx_word' id='word_1_79' title='bbox 468 1169 536 1228; x_wconf 87' lang='lat' dir='ltr'><strong>dicit</strong></span> <span class='ocrx_word' id='word_1_80' title='bbox 555 1167 650 1242; x_wconf 89' lang='lat' dir='ltr'><strong>ioitro,</strong></span> <span class='ocrx_word' id='word_1_81' title='bbox 681 1165 775 1228; x_wconf 74' lang='lat' dir='ltr'><strong>Deum</strong></span> <span class='ocrx_word' id='word_1_82' title='bbox 796 1188 858 1229; x_wconf 86' lang='lat' dir='ltr'><strong>esse</strong></span> <span class='ocrx_word' id='word_1_83' title='bbox 877 1168 1000 1244; x_wconf 86' lang='lat' dir='ltr'><strong>bonnm,</strong></span> <span class='ocrx_word' id='word_1_84' title='bbox 1032 1175 1062 1230; x_wconf 85' lang='lat' dir='ltr'><strong>et</strong></span> <span class='ocrx_word' id='word_1_85' title='bbox 1080 1171 1261 1232; x_wconf 85' lang='lat' dir='ltr'><strong>clementiam</strong></span> 
     </span>
     <span class='ocr_line' id='line_1_11' title="bbox 125 1245 1261 1334; baseline 0 -22"><span class='ocrx_word' id='word_1_86' title='bbox 125 1251 189 1312; x_wconf 89' lang='lat' dir='ltr'><strong>eius</strong></span> <span class='ocrx_word' id='word_1_87' title='bbox 212 1255 370 1308; x_wconf 82' lang='lat' dir='ltr'><strong>aeternnmr</strong></span> <span class='ocrx_word' id='word_1_88' title='bbox 394 1247 444 1307; x_wconf 89' lang='lat' dir='ltr'><strong>scd</strong></span> <span class='ocrx_word' id='word_1_89' title='bbox 464 1247 565 1308; x_wconf 89' lang='lat' dir='ltr'><strong>deiude</strong></span> <span class='ocrx_word' id='word_1_90' title='bbox 584 1249 645 1308; x_wconf 87' lang='lat' dir='ltr'><strong>eius</strong></span> <span class='ocrx_word' id='word_1_91' title='bbox 663 1245 798 1308; x_wconf 87' lang='lat' dir='ltr'><strong>bonitatis</strong></span> <span class='ocrx_word' id='word_1_92' title='bbox 819 1249 1022 1310; x_wconf 78' lang='lat' dir='ltr'><strong>documentum</strong></span> <span class='ocrx_word' id='word_1_93' title='bbox 1040 1251 1071 1309; x_wconf 94' lang='lat' dir='ltr'><strong>in</strong></span> <span class='ocrx_word' id='word_1_94' title='bbox 1091 1271 1122 1310; x_wconf 88' lang='lat' dir='ltr'><strong>se</strong></span> <span class='ocrx_word' id='word_1_95' title='bbox 1142 1251 1261 1334; x_wconf 80' lang='lat' dir='ltr'><strong>profert,</strong></span> 
     </span>
     <span class='ocr_line' id='line_1_12' title="bbox 125 1325 1261 1426; baseline 0.002 -36"><span class='ocrx_word' id='word_1_96' title='bbox 125 1336 160 1390; x_wconf 90' lang='lat' dir='ltr'><strong>ut</strong></span> <span class='ocrx_word' id='word_1_97' title='bbox 180 1347 233 1424; x_wconf 77' lang='lat' dir='ltr'><strong>suo</strong></span> <span class='ocrx_word' id='word_1_98' title='bbox 251 1328 316 1388; x_wconf 87' lang='lat' dir='ltr'><strong>loco</strong></span> <span class='ocrx_word' id='word_1_99' title='bbox 336 1326 501 1387; x_wconf 89' lang='lat' dir='ltr'><strong>ridebimus.</strong></span> <span class='ocrx_word' id='word_1_100' title='bbox 521 1325 630 1424; x_wconf 75' lang='lat' dir='ltr'><strong>loterea</strong></span> <span class='ocrx_word' id='word_1_101' title='bbox 649 1329 679 1388; x_wconf 91' lang='lat' dir='ltr'><strong>in</strong></span> <span class='ocrx_word' id='word_1_102' title='bbox 698 1330 863 1389; x_wconf 78' lang='lat' dir='ltr'><strong>memoriam</strong></span> <span class='ocrx_word' id='word_1_103' title='bbox 883 1347 1018 1426; x_wconf 63' lang='lat' dir='ltr'><strong>resocarp</strong></span> <span class='ocrx_word' id='word_1_104' title='bbox 1037 1333 1170 1426; x_wconf 64' lang='lat' dir='ltr'><strong>conponit</strong></span> <span class='ocrx_word' id='word_1_105' title='bbox 1181 1331 1261 1412; x_wconf 86' lang='lat' dir='ltr'><strong>quod</strong></span> 
     </span>
     <span class='ocr_line' id='line_1_13' title="bbox 126 1405 1264 1576; baseline 0.002 -27"><span class='ocrx_word' id='word_1_106' title='bbox 126 1405 787 1576; x_wconf 58' lang='lat' dir='ltr'><strong>ittilittttttsstttrt‘trtttt</strong></span> <span class='ocrx_word' id='word_1_107' title='bbox 801 1407 939 1568; x_wconf 67' lang='lat' dir='ltr'><strong>litii</strong></span> <span class='ocrx_word' id='word_1_108' title='bbox 955 1407 1264 1572; x_wconf 58' lang='lat' dir='ltr'><strong>itt‘tttlttti</strong></span> 
     </span>
     <span class='ocr_line' id='line_1_14' title="bbox 126 1565 1261 1648; baseline 0 -20"><span class='ocrx_word' id='word_1_109' title='bbox 126 1567 184 1628; x_wconf 92' lang='lat' dir='ltr'><strong>illio</strong></span> <span class='ocrx_word' id='word_1_110' title='bbox 224 1585 261 1627; x_wconf 93' lang='lat' dir='ltr'><strong>uo</strong></span> <span class='ocrx_word' id='word_1_111' title='bbox 284 1587 318 1626; x_wconf 88' lang='lat' dir='ltr'><strong>uo</strong></span> <span class='ocrx_word' id='word_1_112' title='bbox 337 1565 457 1646; x_wconf 78' lang='lat' dir='ltr'><strong>refulget</strong></span> <span class='ocrx_word' id='word_1_113' title='bbox 476 1567 536 1628; x_wconf 91' lang='lat' dir='ltr'><strong>eius</strong></span> <span class='ocrx_word' id='word_1_114' title='bbox 557 1565 659 1646; x_wconf 81' lang='lat' dir='ltr'><strong>gloria,</strong></span> <span class='ocrx_word' id='word_1_115' title='bbox 687 1585 834 1648; x_wconf 87' lang='lat' dir='ltr'><strong>nunqnam</strong></span> <span class='ocrx_word' id='word_1_116' title='bbox 852 1575 949 1630; x_wconf 81' lang='lat' dir='ltr'><strong>tamen</strong></span> <span class='ocrx_word' id='word_1_117' title='bbox 973 1567 1080 1628; x_wconf 77' lang='lat' dir='ltr'><strong>alacres</strong></span> <span class='ocrx_word' id='word_1_118' title='bbox 1105 1575 1134 1628; x_wconf 88' lang='lat' dir='ltr'><strong>et</strong></span> <span class='ocrx_word' id='word_1_119' title='bbox 1158 1571 1261 1630; x_wconf 86' lang='lat' dir='ltr'><strong>volun·</strong></span> 
     </span>
     <span class='ocr_line' id='line_1_15' title="bbox 127 1587 1262 1735; baseline 0.001 -27"><span class='ocrx_word' id='word_1_120' title='bbox 127 1647 192 1708; x_wconf 90' lang='lat' dir='ltr'><strong>tarii</strong></span> <span class='ocrx_word' id='word_1_121' title='bbox 204 1587 313 1706; x_wconf 73' lang='lat' dir='ltr'><strong>laudes</strong></span> <span class='ocrx_word' id='word_1_122' title='bbox 333 1647 394 1705; x_wconf 88' lang='lat' dir='ltr'><strong>eius</strong></span> <span class='ocrx_word' id='word_1_123' title='bbox 418 1665 567 1735; x_wconf 79' lang='lat' dir='ltr'><strong>canemus,</strong></span> <span class='ocrx_word' id='word_1_124' title='bbox 596 1645 687 1707; x_wconf 92' lang='lat' dir='ltr'><strong>doueo</strong></span> <span class='ocrx_word' id='word_1_125' title='bbox 706 1665 774 1706; x_wconf 87' lang='lat' dir='ltr'><strong>snae</strong></span> <span class='ocrx_word' id='word_1_126' title='bbox 791 1646 925 1708; x_wconf 87' lang='lat' dir='ltr'><strong>bonitatis</strong></span> <span class='ocrx_word' id='word_1_127' title='bbox 944 1645 1090 1708; x_wconf 81' lang='lat' dir='ltr'>dulcedine</span> <span class='ocrx_word' id='word_1_128' title='bbox 1109 1667 1164 1708; x_wconf 92' lang='lat' dir='ltr'><strong>nos</strong></span> <span class='ocrx_word' id='word_1_129' title='bbox 1199 1648 1262 1709; x_wconf 88' lang='lat' dir='ltr'><strong>alli·</strong></span> 
     </span>
     <span class='ocr_line' id='line_1_16' title="bbox 127 1723 1261 1809; baseline 0.002 -22"><span class='ocrx_word' id='word_1_130' title='bbox 127 1725 197 1787; x_wconf 81' lang='lat' dir='ltr'><strong>ciatr</strong></span> <span class='ocrx_word' id='word_1_131' title='bbox 226 1726 300 1786; x_wconf 88' lang='lat' dir='ltr'><strong>sicut</strong></span> <span class='ocrx_word' id='word_1_132' title='bbox 320 1723 434 1788; x_wconf 87' lang='lat' dir='ltr'><strong>Psalmo</strong></span> <span class='ocrx_word' id='word_1_133' title='bbox 459 1729 512 1800; x_wconf 89' lang='grc'><strong>51,</strong></span> <span class='ocrx_word' id='word_1_134' title='bbox 537 1745 612 1786; x_wconf 86' lang='lat' dir='ltr'><strong>vers.</strong></span> <span class='ocrx_word' id='word_1_135' title='bbox 632 1727 680 1788; x_wconf 82' lang='lat'><strong>17.</strong></span> <span class='ocrx_word' id='word_1_136' title='bbox 710 1725 847 1801; x_wconf 82' lang='lat' dir='ltr'><strong>vidimus,</strong></span> <span class='ocrx_word' id='word_1_137' title='bbox 880 1729 983 1809; x_wconf 89' lang='lat' dir='ltr'><strong>aperiri</strong></span> <span class='ocrx_word' id='word_1_138' title='bbox 1004 1744 1053 1788; x_wconf 88' lang='lat' dir='ltr'><strong>ura</strong></span> <span class='ocrx_word' id='word_1_139' title='bbox 1073 1727 1204 1789; x_wconf 88' lang='lat' dir='ltr'><strong>fidelibus</strong></span> <span class='ocrx_word' id='word_1_140' title='bbox 1224 1729 1261 1789; x_wconf 85' lang='lat' dir='ltr'><strong>ad</strong></span> 
     </span>
     <span class='ocr_line' id='line_1_17' title="bbox 126 1803 1262 1885; baseline 0.001 -18"><span class='ocrx_word' id='word_1_141' title='bbox 126 1803 224 1868; x_wconf 89' lang='lat' dir='ltr'><strong>Deum</strong></span> <span class='ocrx_word' id='word_1_142' title='bbox 247 1803 420 1866; x_wconf 87' lang='lat' dir='ltr'><strong>laudandum</strong></span> <span class='ocrx_word' id='word_1_143' title='bbox 444 1804 493 1870; x_wconf 86' lang='lat' dir='ltr'><strong>ubi</strong></span> <span class='ocrx_word' id='word_1_144' title='bbox 517 1808 641 1868; x_wconf 89' lang='lat' dir='ltr'><strong>sentiunt</strong></span> <span class='ocrx_word' id='word_1_145' title='bbox 665 1825 731 1866; x_wconf 90' lang='lat' dir='ltr'><strong>eum</strong></span> <span class='ocrx_word' id='word_1_146' title='bbox 755 1806 959 1868; x_wconf 87' lang='lat' dir='ltr'><strong>liberatorem&#39;</strong></span> <span class='ocrx_word' id='word_1_147' title='bbox 984 1805 1072 1885; x_wconf 84' lang='lat' dir='ltr'><strong>Quod</strong></span> <span class='ocrx_word' id='word_1_148' title='bbox 1098 1815 1193 1869; x_wconf 84' lang='lat' dir='ltr'><strong>nutem</strong></span> <span class='ocrx_word' id='word_1_149' title='bbox 1214 1827 1262 1868; x_wconf 90' lang='lat' dir='ltr'><strong>so·</strong></span> 
     </span>
     <span class='ocr_line' id='line_1_18' title="bbox 126 1883 1297 1970; baseline 0 -23"><span class='ocrx_word' id='word_1_150' title='bbox 126 1885 188 1947; x_wconf 90' lang='lat' dir='ltr'><strong>lum</strong></span> <span class='ocrx_word' id='word_1_151' title='bbox 212 1883 344 1946; x_wconf 73' lang='lat' dir='ltr'><strong>lsraelem</strong></span> <span class='ocrx_word' id='word_1_152' title='bbox 368 1891 399 1945; x_wconf 86' lang='lat' dir='ltr'><strong>et</strong></span> <span class='ocrx_word' id='word_1_153' title='bbox 420 1883 495 1946; x_wconf 89' lang='lat' dir='ltr'><strong>filios</strong></span> <span class='ocrx_word' id='word_1_154' title='bbox 515 1885 612 1946; x_wconf 83' lang='lat' dir='ltr'><strong>Aaron</strong></span> <span class='ocrx_word' id='word_1_155' title='bbox 633 1885 800 1970; x_wconf 84' lang='lat' dir='ltr'><strong>alloquitur,</strong></span> <span class='ocrx_word' id='word_1_156' title='bbox 824 1887 852 1947; x_wconf 90' lang='lat' dir='ltr'><strong>id</strong></span> <span class='ocrx_word' id='word_1_157' title='bbox 872 1887 940 1948; x_wconf 84' lang='lat' dir='ltr'><strong>tacit</strong></span> <span class='ocrx_word' id='word_1_158' title='bbox 959 1890 1059 1947; x_wconf 87' lang='lat' dir='ltr'><strong>aetatis</strong></span> <span class='ocrx_word' id='word_1_159' title='bbox 1079 1905 1147 1964; x_wconf 75' lang='lat' dir='ltr'><strong>suae</strong></span> <span class='ocrx_word' id='word_1_160' title='bbox 1166 1905 1261 1968; x_wconf 84' lang='lat' dir='ltr'><strong>respa·</strong></span> <span class='ocrx_word' id='word_1_161' title='bbox 1293 1890 1297 1901; x_wconf 93' lang='lat'>&#39;</span> 
     </span>
     <span class='ocr_line' id='line_1_19' title="bbox 127 1964 1280 2105; baseline 0.001 -79"><span class='ocrx_word' id='word_1_162' title='bbox 127 1973 189 2026; x_wconf 87' lang='lat' dir='ltr'><strong>ctu:</strong></span> <span class='ocrx_word' id='word_1_163' title='bbox 211 1967 277 2048; x_wconf 81' lang='lat' dir='ltr'><strong>quia</strong></span> <span class='ocrx_word' id='word_1_164' title='bbox 296 1964 389 2026; x_wconf 88' lang='lat' dir='ltr'><strong>adbuc</strong></span> <span class='ocrx_word' id='word_1_165' title='bbox 406 1966 437 2026; x_wconf 90' lang='lat' dir='ltr'><strong>in</strong></span> <span class='ocrx_word' id='word_1_166' title='bbox 457 1985 514 2026; x_wconf 88' lang='lat' dir='ltr'><strong>una</strong></span> <span class='ocrx_word' id='word_1_167' title='bbox 533 1965 581 2025; x_wconf 90' lang='lat' dir='ltr'><strong>illa</strong></span> <span class='ocrx_word' id='word_1_168' title='bbox 601 1973 684 2046; x_wconf 78' lang='lat' dir='ltr'><strong>geute</strong></span> <span class='ocrx_word' id='word_1_169' title='bbox 703 1965 842 2028; x_wconf 76' lang='lat' dir='ltr'><strong>residebat</strong></span> <span class='ocrx_word' id='word_1_170' title='bbox 861 1967 987 2105; x_wconf 87' lang='lat' dir='ltr'><strong>adoptio,</strong></span> <span class='ocrx_word' id='word_1_171' title='bbox 1007 1985 1083 2046; x_wconf 86' lang='lat' dir='ltr'><strong>quan</strong></span> <span class='ocrx_word' id='word_1_172' title='bbox 1107 1985 1171 2026; x_wconf 90' lang='lat' dir='ltr'><strong>uam</strong></span> <span class='ocrx_word' id='word_1_173' title='bbox 1191 1986 1280 2029; x_wconf 78' lang='lat' dir='ltr'><strong>eun·</strong></span> 
     </span>
     <span class='ocr_line' id='line_1_20' title="bbox 126 2043 1262 2128; baseline 0.002 -22"><span class='ocrx_word' id='word_1_174' title='bbox 126 2045 193 2106; x_wconf 89' lang='lat' dir='ltr'><strong>dem</strong></span> <span class='ocrx_word' id='word_1_175' title='bbox 216 2062 314 2106; x_wconf 88' lang='lat' dir='ltr'><strong>rursus</strong></span> <span class='ocrx_word' id='word_1_176' title='bbox 337 2043 466 2105; x_wconf 85' lang='lat' dir='ltr'><strong>ordinem</strong></span> <span class='ocrx_word' id='word_1_177' title='bbox 496 2047 624 2128; x_wconf 87' lang='lat' dir='ltr'><strong>sequitur</strong></span> <span class='ocrx_word' id='word_1_178' title='bbox 644 2065 729 2126; x_wconf 85' lang='lat' dir='ltr'><strong>quem</strong></span> <span class='ocrx_word' id='word_1_179' title='bbox 748 2049 840 2108; x_wconf 87' lang='lat' dir='ltr'><strong>tenuit</strong></span> <span class='ocrx_word' id='word_1_180' title='bbox 858 2045 913 2106; x_wconf 88' lang='lat' dir='ltr'><strong>Psa</strong></span> <span class='ocrx_word' id='word_1_181' title='bbox 926 2066 974 2107; x_wconf 92' lang='lat' dir='ltr'><strong>mo</strong></span> <span class='ocrx_word' id='word_1_182' title='bbox 994 2047 1063 2109; x_wconf 89' lang='grc'><strong>116.</strong></span> <span class='ocrx_word' id='word_1_183' title='bbox 1128 2053 1262 2128; x_wconf 83' lang='lat' dir='ltr'><strong>oatqnam</strong></span> 
     </span>
    </p>
   </div>
   <div class='ocr_carea' id='block_1_4' title="bbox 127 2123 1322 2503">
    <p class='ocr_par' dir='ltr' id='par_1_4' title="bbox 127 2123 1322 2503">
     <span class='ocr_line' id='line_1_21' title="bbox 127 2123 1322 2209; baseline 0 -23"><span class='ocrx_word' id='word_1_184' title='bbox 127 2127 205 2186; x_wconf 91' lang='lat' dir='ltr'><strong>euim</strong></span> <span class='ocrx_word' id='word_1_185' title='bbox 229 2125 302 2186; x_wconf 90' lang='lat' dir='ltr'><strong>lilios</strong></span> <span class='ocrx_word' id='word_1_186' title='bbox 320 2123 462 2201; x_wconf 80' lang='lat' dir='ltr'><strong>Abrabae,</strong></span> <span class='ocrx_word' id='word_1_187' title='bbox 500 2129 549 2209; x_wconf 89' lang='lat' dir='ltr'><strong>qui</strong></span> <span class='ocrx_word' id='word_1_188' title='bbox 569 2123 626 2186; x_wconf 91' lang='lat' dir='ltr'><strong>Dei</strong></span> <span class='ocrx_word' id='word_1_189' title='bbox 649 2125 786 2186; x_wconf 81' lang='lat' dir='ltr'><strong>electione</strong></span> <span class='ocrx_word' id='word_1_190' title='bbox 811 2127 948 2206; x_wconf 78' lang='lat' dir='ltr'><strong>segregati</strong></span> <span class='ocrx_word' id='word_1_191' title='bbox 972 2133 1053 2186; x_wconf 91' lang='lat' dir='ltr'><strong>eraut</strong></span> <span class='ocrx_word' id='word_1_192' title='bbox 1072 2143 1090 2186; x_wconf 88' lang='lat' dir='ltr'><strong>a</strong></span> <span class='ocrx_word' id='word_1_193' title='bbox 1110 2123 1261 2201; x_wconf 78' lang='lat' dir='ltr'><strong>Gentibus,</strong></span> <span class='ocrx_word' id='word_1_194' title='bbox 1320 2151 1322 2156; x_wconf 63' lang='grc'>’</span> 
     </span>
     <span class='ocr_line' id='line_1_22' title="bbox 128 2203 1262 2288; baseline -0.001 -20"><span class='ocrx_word' id='word_1_195' title='bbox 128 2205 261 2268; x_wconf 84' lang='lat' dir='ltr'><strong>hortatus</strong></span> <span class='ocrx_word' id='word_1_196' title='bbox 284 2213 339 2266; x_wconf 89' lang='lat' dir='ltr'><strong>est:</strong></span> <span class='ocrx_word' id='word_1_197' title='bbox 367 2208 436 2266; x_wconf 87' lang='lat' dir='ltr'><strong>item</strong></span> <span class='ocrx_word' id='word_1_198' title='bbox 461 2203 534 2266; x_wconf 87' lang='lat' dir='ltr'><strong>lilios</strong></span> <span class='ocrx_word' id='word_1_199' title='bbox 554 2205 651 2266; x_wconf 80' lang='lat' dir='ltr'><strong>Aaron</strong></span> <span class='ocrx_word' id='word_1_200' title='bbox 678 2207 727 2286; x_wconf 87' lang='lat' dir='ltr'><strong>qui</strong></span> <span class='ocrx_word' id='word_1_201' title='bbox 746 2204 903 2265; x_wconf 86' lang='lat' dir='ltr'><strong>Sacerdotii</strong></span> <span class='ocrx_word' id='word_1_202' title='bbox 925 2206 988 2265; x_wconf 89' lang='lat' dir='ltr'><strong>iure</strong></span> <span class='ocrx_word' id='word_1_203' title='bbox 1012 2205 1073 2266; x_wconf 86' lang='lat' dir='ltr'><strong>aliis</strong></span> <span class='ocrx_word' id='word_1_204' title='bbox 1097 2208 1262 2288; x_wconf 85' lang='lat' dir='ltr'><strong>praecinere</strong></span> 
     </span>
     <span class='ocr_line' id='line_1_23' title="bbox 133 2283 1261 2368; baseline 0 -22"><span class='ocrx_word' id='word_1_205' title='bbox 133 2285 284 2346; x_wconf 87' lang='lat' dir='ltr'><strong>debebant:</strong></span> <span class='ocrx_word' id='word_1_206' title='bbox 306 2305 463 2346; x_wconf 89' lang='lat' dir='ltr'><strong>sermonem</strong></span> <span class='ocrx_word' id='word_1_207' title='bbox 485 2287 624 2346; x_wconf 80' lang='lat' dir='ltr'><strong>convertit</strong></span> <span class='ocrx_word' id='word_1_208' title='bbox 642 2283 679 2345; x_wconf 92' lang='lat' dir='ltr'><strong>ad</strong></span> <span class='ocrx_word' id='word_1_209' title='bbox 698 2285 768 2345; x_wconf 89' lang='lat' dir='ltr'><strong>alios</strong></span> <span class='ocrx_word' id='word_1_210' title='bbox 777 2283 833 2346; x_wconf 84' lang='lat' dir='ltr'><strong>Dei</strong></span> <span class='ocrx_word' id='word_1_211' title='bbox 853 2286 989 2346; x_wconf 77' lang='lat' dir='ltr'><strong>cultoresr</strong></span> <span class='ocrx_word' id='word_1_212' title='bbox 1010 2287 1076 2368; x_wconf 87' lang='lat' dir='ltr'><strong>quia</strong></span> <span class='ocrx_word' id='word_1_213' title='bbox 1087 2285 1170 2348; x_wconf 91' lang='lat' dir='ltr'><strong>multi</strong></span> <span class='ocrx_word' id='word_1_214' title='bbox 1180 2287 1261 2348; x_wconf 85' lang='lat' dir='ltr'><strong>larva</strong></span> 
     </span>
     <span class='ocr_line' id='line_1_24' title="bbox 129 2361 1262 2503; baseline 0.001 -77"><span class='ocrx_word' id='word_1_215' title='bbox 129 2369 152 2426; x_wconf 93' lang='lat' dir='ltr'><strong>ti</strong></span> <span class='ocrx_word' id='word_1_216' title='bbox 172 2373 252 2440; x_wconf 78' lang='lat' dir='ltr'><strong>erant</strong></span> <span class='ocrx_word' id='word_1_217' title='bbox 271 2365 425 2439; x_wconf 70' lang='lat' dir='ltr'><strong>lsrailitae,</strong></span> <span class='ocrx_word' id='word_1_218' title='bbox 445 2367 495 2448; x_wconf 85' lang='lat' dir='ltr'><strong>qui</strong></span> <span class='ocrx_word' id='word_1_219' title='bbox 515 2365 626 2428; x_wconf 86' lang='lat' dir='ltr'><strong>tametsi</strong></span> <span class='ocrx_word' id='word_1_220' title='bbox 646 2367 676 2428; x_wconf 90' lang='lat' dir='ltr'><strong>in</strong></span> <span class='ocrx_word' id='word_1_221' title='bbox 695 2361 822 2426; x_wconf 78' lang='lat' dir='ltr'><strong>Ecclesia</strong></span> <span class='ocrx_word' id='word_1_222' title='bbox 840 2363 938 2425; x_wconf 91' lang='lat' dir='ltr'><strong>locum</strong></span> <span class='ocrx_word' id='word_1_223' title='bbox 958 2364 1151 2503; x_wconf 73' lang='lat' dir='ltr'><strong>occupabant,</strong></span> <span class='ocrx_word' id='word_1_224' title='bbox 1171 2366 1207 2426; x_wconf 92' lang='lat' dir='ltr'><strong>ab</strong></span> <span class='ocrx_word' id='word_1_225' title='bbox 1226 2381 1262 2427; x_wconf 88' lang='lat' dir='ltr'><strong>ea</strong></span> 
     </span>
    </p>
   </div>
   <div class='ocr_carea' id='block_1_5' title="bbox 127 2443 1349 2689">
    <p class='ocr_par' dir='ltr' id='par_1_5' title="bbox 127 2443 1349 2689">
     <span class='ocr_line' id='line_1_25' title="bbox 127 2443 1278 2528; baseline 0.001 -23"><span class='ocrx_word' id='word_1_226' title='bbox 127 2445 309 2506; x_wconf 88' lang='lat' dir='ltr'><strong>nibilominus</strong></span> <span class='ocrx_word' id='word_1_227' title='bbox 327 2453 408 2507; x_wconf 91' lang='lat' dir='ltr'><strong>erant</strong></span> <span class='ocrx_word' id='word_1_228' title='bbox 426 2447 563 2508; x_wconf 78' lang='lat' dir='ltr'><strong>extranei.</strong></span> <span class='ocrx_word' id='word_1_229' title='bbox 602 2443 661 2506; x_wconf 89' lang='lat' dir='ltr'><strong>Nec</strong></span> <span class='ocrx_word' id='word_1_230' title='bbox 681 2445 774 2506; x_wconf 87' lang='lat' dir='ltr'><strong>obstat</strong></span> <span class='ocrx_word' id='word_1_231' title='bbox 793 2445 870 2526; x_wconf 88' lang='lat' dir='ltr'><strong>qnod</strong></span> <span class='ocrx_word' id='word_1_232' title='bbox 891 2445 938 2505; x_wconf 90' lang='lat' dir='ltr'><strong>bic</strong></span> <span class='ocrx_word' id='word_1_233' title='bbox 957 2443 1033 2526; x_wconf 88' lang='lat' dir='ltr'><strong>Prop</strong></span> <span class='ocrx_word' id='word_1_234' title='bbox 1055 2447 1128 2506; x_wconf 91' lang='lat' dir='ltr'><strong>etioo</strong></span> <span class='ocrx_word' id='word_1_235' title='bbox 1148 2445 1278 2528; x_wconf 82' lang='lat' dir='ltr'><strong>Spiritu-</strong></span> 
     </span>
     <span class='ocr_line' id='line_1_26' title="bbox 128 2523 1349 2606; baseline 0.002 -22"><span class='ocrx_word' id='word_1_236' title='bbox 128 2525 246 2586; x_wconf 85' lang='lat' dir='ltr'><strong>disserat</strong></span> <span class='ocrx_word' id='word_1_237' title='bbox 267 2523 361 2586; x_wconf 88' lang='lat' dir='ltr'><strong>David</strong></span> <span class='ocrx_word' id='word_1_238' title='bbox 385 2525 421 2586; x_wconf 91' lang='lat' dir='ltr'><strong>de</strong></span> <span class='ocrx_word' id='word_1_239' title='bbox 444 2525 542 2587; x_wconf 82' lang='lat' dir='ltr'><strong>lutuno</strong></span> <span class='ocrx_word' id='word_1_240' title='bbox 563 2523 669 2586; x_wconf 83' lang='lat' dir='ltr'><strong>Christi</strong></span> <span class='ocrx_word' id='word_1_241' title='bbox 693 2544 795 2606; x_wconf 82' lang='lat' dir='ltr'><strong>regno:</strong></span> <span class='ocrx_word' id='word_1_242' title='bbox 821 2525 889 2606; x_wconf 83' lang='lat' dir='ltr'><strong>quia</strong></span> <span class='ocrx_word' id='word_1_243' title='bbox 907 2524 960 2585; x_wconf 87' lang='lat' dir='ltr'><strong>etsi</strong></span> <span class='ocrx_word' id='word_1_244' title='bbox 980 2525 1014 2585; x_wconf 86' lang='lat' dir='ltr'><strong>ad</strong></span> <span class='ocrx_word' id='word_1_245' title='bbox 1035 2523 1142 2585; x_wconf 84' lang='lat' dir='ltr'><strong>Gentes</strong></span> <span class='ocrx_word' id='word_1_246' title='bbox 1161 2533 1260 2588; x_wconf 76' lang='lat' dir='ltr'><strong>erten-</strong></span> <span class='ocrx_word' id='word_1_247' title='bbox 1348 2527 1349 2530; x_wconf 71' lang='grc'>’</span> 
     </span>
     <span class='ocr_line' id='line_1_27' title="bbox 127 2601 1161 2689; baseline 0.001 -24"><span class='ocrx_word' id='word_1_248' title='bbox 127 2623 192 2665; x_wconf 88' lang='lat' dir='ltr'><strong>snm</strong></span> <span class='ocrx_word' id='word_1_249' title='bbox 211 2610 271 2684; x_wconf 89' lang='lat' dir='ltr'><strong>est,</strong></span> <span class='ocrx_word' id='word_1_250' title='bbox 289 2607 428 2688; x_wconf 72' lang='lat' dir='ltr'><strong>originem</strong></span> <span class='ocrx_word' id='word_1_251' title='bbox 447 2613 544 2668; x_wconf 84' lang='lat' dir='ltr'><strong>tamen</strong></span> <span class='ocrx_word' id='word_1_252' title='bbox 563 2614 591 2667; x_wconf 86' lang='lat' dir='ltr'><strong>et</strong></span> <span class='ocrx_word' id='word_1_253' title='bbox 610 2605 747 2689; x_wconf 85' lang='lat' dir='ltr'><strong>primitias</strong></span> <span class='ocrx_word' id='word_1_254' title='bbox 767 2601 866 2666; x_wconf 87' lang='lat' dir='ltr'><strong>habuit</strong></span> <span class='ocrx_word' id='word_1_255' title='bbox 883 2605 914 2666; x_wconf 91' lang='lat' dir='ltr'><strong>iu</strong></span> <span class='ocrx_word' id='word_1_256' title='bbox 932 2603 1041 2687; x_wconf 90' lang='lat' dir='ltr'><strong>populo</strong></span> <span class='ocrx_word' id='word_1_257' title='bbox 1061 2603 1161 2668; x_wconf 86' lang='lat' dir='ltr'><strong>eleeto.</strong></span> 
     </span>
    </p>
   </div>
   <div class='ocr_carea' id='block_1_6' title="bbox 58 2821 1264 3145">
    <p class='ocr_par' dir='ltr' id='par_1_6' title="bbox 58 2821 1264 3145">
     <span class='ocr_line' id='line_1_28' title="bbox 217 2821 1264 2936; baseline 0 -28"><span class='ocrx_word' id='word_1_258' title='bbox 217 2843 247 2911; x_wconf 86' lang='lat'><strong>5.</strong></span> <span class='ocrx_word' id='word_1_259' title='bbox 269 2839 322 2912; x_wconf 82' lang='lat' dir='ltr'><strong>Ex</strong></span> <span class='ocrx_word' id='word_1_260' title='bbox 348 2841 490 2936; x_wconf 79' lang='lat' dir='ltr'><strong>angustia</strong></span> <span class='ocrx_word' id='word_1_261' title='bbox 511 2821 656 2912; x_wconf 82' lang='lat' dir='ltr'><strong>invocavi</strong></span> <span class='ocrx_word' id='word_1_262' title='bbox 676 2839 799 2912; x_wconf 85' lang='lat' dir='ltr'><strong>Deum:</strong></span> <span class='ocrx_word' id='word_1_263' title='bbox 827 2836 990 2934; x_wconf 84' lang='lat' dir='ltr'><strong>respondit</strong></span> <span class='ocrx_word' id='word_1_264' title='bbox 1010 2836 1087 2910; x_wconf 88' lang='lat' dir='ltr'><strong>milri</strong></span> <span class='ocrx_word' id='word_1_265' title='bbox 1107 2841 1142 2908; x_wconf 88' lang='lat' dir='ltr'><strong>in</strong></span> <span class='ocrx_word' id='word_1_266' title='bbox 1163 2837 1264 2908; x_wconf 84' lang='lat' dir='ltr'><strong>latitu-</strong></span> 
     </span>
     <span class='ocr_line' id='line_1_29' title="bbox 128 2946 1263 3039; baseline -0.002 -21"><span class='ocrx_word' id='word_1_267' title='bbox 128 2947 203 3018; x_wconf 87' lang='lat' dir='ltr'><strong>dine</strong></span> <span class='ocrx_word' id='word_1_268' title='bbox 230 2947 328 3018; x_wconf 85' lang='lat' dir='ltr'><strong>Deus.</strong></span> <span class='ocrx_word' id='word_1_269' title='bbox 371 2951 405 3018; x_wconf 85' lang='lat' dir='ltr'><strong>o.</strong></span> <span class='ocrx_word' id='word_1_270' title='bbox 426 2949 544 3020; x_wconf 84' lang='lat' dir='ltr'><strong>lehova</strong></span> <span class='ocrx_word' id='word_1_271' title='bbox 572 2973 715 3034; x_wconf 86' lang='lat' dir='ltr'><strong>mecum,</strong></span> <span class='ocrx_word' id='word_1_272' title='bbox 740 2973 808 3018; x_wconf 90' lang='lat' dir='ltr'><strong>uon</strong></span> <span class='ocrx_word' id='word_1_273' title='bbox 834 2948 952 3019; x_wconf 84' lang='lat' dir='ltr'><strong>timebo</strong></span> <span class='ocrx_word' id='word_1_274' title='bbox 975 2947 1052 3039; x_wconf 89' lang='lat' dir='ltr'><strong>quid</strong></span> <span class='ocrx_word' id='word_1_275' title='bbox 1072 2947 1164 3016; x_wconf 82' lang='lat' dir='ltr'><strong>laniat</strong></span> <span class='ocrx_word' id='word_1_276' title='bbox 1183 2946 1263 3016; x_wconf 88' lang='lat' dir='ltr'><strong>mihi</strong></span> 
     </span>
     <span class='ocr_line' id='line_1_30' title="bbox 58 3053 1263 3145; baseline 0 -23"><span class='ocrx_word' id='word_1_277' title='bbox 58 3073 62 3087; x_wconf 75' lang='lat'><strong><em>¹</em></strong></span> <span class='ocrx_word' id='word_1_278' title='bbox 128 3054 240 3126; x_wconf 88' lang='lat' dir='ltr'><strong>bomo.</strong></span> <span class='ocrx_word' id='word_1_279' title='bbox 285 3056 316 3123; x_wconf 86' lang='lat'><strong>7.</strong></span> <span class='ocrx_word' id='word_1_280' title='bbox 337 3055 454 3124; x_wconf 88' lang='lat' dir='ltr'><strong>lehova</strong></span> <span class='ocrx_word' id='word_1_281' title='bbox 480 3078 608 3126; x_wconf 84' lang='lat' dir='ltr'><strong>mecum</strong></span> <span class='ocrx_word' id='word_1_282' title='bbox 635 3057 719 3126; x_wconf 79' lang='lat' dir='ltr'><strong>inter</strong></span> <span class='ocrx_word' id='word_1_283' title='bbox 745 3055 924 3124; x_wconf 82' lang='lat' dir='ltr'><strong>auxiliarios</strong></span> <span class='ocrx_word' id='word_1_284' title='bbox 946 3076 1052 3124; x_wconf 85' lang='lat' dir='ltr'><strong>meosr</strong></span> <span class='ocrx_word' id='word_1_285' title='bbox 1081 3063 1117 3122; x_wconf 86' lang='lat' dir='ltr'><strong>ct</strong></span> <span class='ocrx_word' id='word_1_286' title='bbox 1136 3075 1197 3145; x_wconf 81' lang='lat' dir='ltr'><strong>ego</strong></span> <span class='ocrx_word' id='word_1_287' title='bbox 1219 3053 1263 3122; x_wconf 90' lang='lat' dir='ltr'><strong>vi·</strong></span> 
     </span>
    </p>
   </div>
   <div class='ocr_carea' id='block_1_7' title="bbox 129 3157 1383 3254">
    <p class='ocr_par' dir='ltr' id='par_1_7' title="bbox 129 3157 1383 3254">
     <span class='ocr_line' id='line_1_31' title="bbox 129 3157 1383 3254; baseline -0.002 -26"><span class='ocrx_word' id='word_1_288' title='bbox 129 3159 211 3230; x_wconf 91' lang='lat' dir='ltr'><strong>debo</strong></span> <span class='ocrx_word' id='word_1_289' title='bbox 243 3162 277 3228; x_wconf 91' lang='lat' dir='ltr'><strong>in</strong></span> <span class='ocrx_word' id='word_1_290' title='bbox 309 3163 490 3232; x_wconf 85' lang='lat' dir='ltr'><strong>adversariis</strong></span> <span class='ocrx_word' id='word_1_291' title='bbox 515 3163 606 3232; x_wconf 87' lang='lat' dir='ltr'><strong>meis.</strong></span> <span class='ocrx_word' id='word_1_292' title='bbox 650 3165 682 3231; x_wconf 88' lang='grc'><strong>8.</strong></span> <span class='ocrx_word' id='word_1_293' title='bbox 704 3163 819 3230; x_wconf 83' lang='lat' dir='ltr'><strong>illelius</strong></span> <span class='ocrx_word' id='word_1_294' title='bbox 847 3171 896 3230; x_wconf 86' lang='lat' dir='ltr'><strong>est</strong></span> <span class='ocrx_word' id='word_1_295' title='bbox 922 3183 1049 3254; x_wconf 86' lang='lat' dir='ltr'><strong>sperare</strong></span> <span class='ocrx_word' id='word_1_296' title='bbox 1074 3157 1108 3226; x_wconf 92' lang='lat' dir='ltr'><strong>in</strong></span> <span class='ocrx_word' id='word_1_297' title='bbox 1134 3157 1263 3244; x_wconf 84' lang='lat' dir='ltr'><strong>lehova,</strong></span> <span class='ocrx_word' id='word_1_298' title='bbox 1381 3210 1383 3218; x_wconf 69' lang='lat'><strong>,</strong></span> 
     </span>
    </p>
   </div>
   <div class='ocr_carea' id='block_1_8' title="bbox 94 3261 1263 3470">
    <p class='ocr_par' dir='ltr' id='par_1_8' title="bbox 94 3261 1263 3470">
     <span class='ocr_line' id='line_1_32' title="bbox 129 3261 1263 3366; baseline -0.002 -30"><span class='ocrx_word' id='word_1_299' title='bbox 129 3263 227 3366; x_wconf 77' lang='lat' dir='ltr'><strong>quim</strong></span> <span class='ocrx_word' id='word_1_300' title='bbox 248 3267 404 3338; x_wconf 84' lang='lat' dir='ltr'><strong>confidere</strong></span> <span class='ocrx_word' id='word_1_301' title='bbox 426 3269 459 3338; x_wconf 92' lang='lat' dir='ltr'><strong>in</strong></span> <span class='ocrx_word' id='word_1_302' title='bbox 481 3268 626 3340; x_wconf 78' lang='lat' dir='ltr'><strong>homines</strong></span> <span class='ocrx_word' id='word_1_303' title='bbox 670 3269 703 3338; x_wconf 87' lang='grc'><strong>9.</strong></span> <span class='ocrx_word' id='word_1_304' title='bbox 725 3267 839 3339; x_wconf 84' lang='lat' dir='ltr'><strong>illelius</strong></span> <span class='ocrx_word' id='word_1_305' title='bbox 861 3277 1058 3360; x_wconf 72' lang='lat' dir='ltr'><strong>estaperseo</strong></span> <span class='ocrx_word' id='word_1_306' title='bbox 1079 3265 1113 3334; x_wconf 89' lang='lat' dir='ltr'><strong>in</strong></span> <span class='ocrx_word' id='word_1_307' title='bbox 1134 3261 1263 3350; x_wconf 83' lang='lat' dir='ltr'><strong>lehova,</strong></span> 
     </span>
     <span class='ocr_line' id='line_1_33' title="bbox 94 3373 683 3470; baseline 0.008 -31"><span class='ocrx_word' id='word_1_308' title='bbox 94 3387 98 3402; x_wconf 86' lang='grc'>·</span> <span class='ocrx_word' id='word_1_309' title='bbox 128 3395 226 3464; x_wconf 87' lang='lat' dir='ltr'><strong>quam</strong></span> <span class='ocrx_word' id='word_1_310' title='bbox 247 3373 405 3444; x_wconf 82' lang='lat' dir='ltr'><strong>confidere</strong></span> <span class='ocrx_word' id='word_1_311' title='bbox 424 3375 458 3443; x_wconf 89' lang='lat' dir='ltr'><strong>iu</strong></span> <span class='ocrx_word' id='word_1_312' title='bbox 479 3375 683 3470; x_wconf 82' lang='lat' dir='ltr'><strong>Principibus</strong></span> 
     </span>
    </p>
   </div>
   <div class='ocr_carea' id='block_1_9' title="bbox 129 3533 1262 3700">
    <p class='ocr_par' dir='ltr' id='par_1_9' title="bbox 129 3533 1262 3700">
     <span class='ocr_line' id='line_1_34' title="bbox 207 3533 1261 3623; baseline -0.006 -23"><span class='ocrx_word' id='word_1_313' title='bbox 207 3537 235 3600; x_wconf 82' lang='grc'><strong>5.</strong></span> <span class='ocrx_word' id='word_1_314' title='bbox 256 3539 306 3598; x_wconf 79' lang='lat' dir='ltr'><strong>Ex</strong></span> <span class='ocrx_word' id='word_1_315' title='bbox 327 3547 480 3623; x_wconf 62' lang='lat' dir='ltr'><strong>agauno.</strong></span> <span class='ocrx_word' id='word_1_316' title='bbox 519 3538 656 3620; x_wconf 81' lang='lat' dir='ltr'><strong>specialis</strong></span> <span class='ocrx_word' id='word_1_317' title='bbox 675 3544 719 3600; x_wconf 88' lang='lat' dir='ltr'><strong>est</strong></span> <span class='ocrx_word' id='word_1_318' title='bbox 737 3537 893 3613; x_wconf 83' lang='lat' dir='ltr'><strong>doctrinae,</strong></span> <span class='ocrx_word' id='word_1_319' title='bbox 912 3553 1001 3618; x_wconf 84' lang='lat' dir='ltr'><strong>quana</strong></span> <span class='ocrx_word' id='word_1_320' title='bbox 1020 3535 1153 3609; x_wconf 85' lang='lat' dir='ltr'><strong>vidimus,</strong></span> <span class='ocrx_word' id='word_1_321' title='bbox 1171 3533 1261 3616; x_wconf 87' lang='lat' dir='ltr'><strong>appli-</strong></span> 
     </span>
     <span class='ocr_line' id='line_1_35' title="bbox 129 3613 1262 3700; baseline 0 -24"><span class='ocrx_word' id='word_1_322' title='bbox 129 3614 205 3676; x_wconf 81' lang='lat' dir='ltr'><strong>catio</strong></span> <span class='ocrx_word' id='word_1_323' title='bbox 230 3615 266 3676; x_wconf 86' lang='lat' dir='ltr'><strong>ad</strong></span> <span class='ocrx_word' id='word_1_324' title='bbox 289 3637 441 3700; x_wconf 84' lang='lat' dir='ltr'><strong>personam</strong></span> <span class='ocrx_word' id='word_1_325' title='bbox 460 3619 595 3695; x_wconf 77' lang='lat' dir='ltr'><strong>Doridis,</strong></span> <span class='ocrx_word' id='word_1_326' title='bbox 618 3622 663 3682; x_wconf 91' lang='lat' dir='ltr'><strong>eui</strong></span> <span class='ocrx_word' id='word_1_327' title='bbox 688 3627 783 3680; x_wconf 86' lang='lat' dir='ltr'><strong>tamen</strong></span> <span class='ocrx_word' id='word_1_328' title='bbox 807 3635 920 3678; x_wconf 79' lang='lat' dir='ltr'><strong>mnexa</strong></span> <span class='ocrx_word' id='word_1_329' title='bbox 943 3623 987 3677; x_wconf 87' lang='lat' dir='ltr'><strong>est</strong></span> <span class='ocrx_word' id='word_1_330' title='bbox 1010 3617 1100 3696; x_wconf 68' lang='lat' dir='ltr'><strong>totius</strong></span> <span class='ocrx_word' id='word_1_331' title='bbox 1117 3613 1262 3676; x_wconf 72' lang='lat' dir='ltr'><strong>aomos</strong></span> 
     </span>
    </p>
   </div>
   <div class='ocr_carea' id='block_1_10' title="bbox 12 3694 1259 3782">
    <p class='ocr_par' dir='ltr' id='par_1_10' title="bbox 12 3694 1259 3782">
     <span class='ocr_line' id='line_1_36' title="bbox 12 3694 1259 3782; baseline 0 -28"><span class='ocrx_word' id='word_1_332' title='bbox 12 3719 13 3724; x_wconf 43' lang='lat'>¹</span> <span class='ocrx_word' id='word_1_333' title='bbox 129 3694 293 3776; x_wconf 68' lang='lat' dir='ltr'><strong>gratulatio:</strong></span> <span class='ocrx_word' id='word_1_334' title='bbox 322 3701 404 3760; x_wconf 83' lang='lat' dir='ltr'><strong>cuius</strong></span> <span class='ocrx_word' id='word_1_335' title='bbox 428 3699 558 3782; x_wconf 88' lang='lat' dir='ltr'><strong>publicae</strong></span> <span class='ocrx_word' id='word_1_336' title='bbox 579 3699 663 3761; x_wconf 88' lang='lat' dir='ltr'><strong>satuti</strong></span> <span class='ocrx_word' id='word_1_337' title='bbox 683 3698 764 3760; x_wconf 86' lang='lat' dir='ltr'><strong>Dans</strong></span> <span class='ocrx_word' id='word_1_338' title='bbox 783 3703 978 3780; x_wconf 74' lang='lat' dir='ltr'><strong>prospexerat,</strong></span> <span class='ocrx_word' id='word_1_339' title='bbox 998 3695 1144 3757; x_wconf 88' lang='lat' dir='ltr'><strong>bominem</strong></span> <span class='ocrx_word' id='word_1_340' title='bbox 1169 3715 1259 3755; x_wconf 87' lang='lat' dir='ltr'><strong>unum</strong></span> 
     </span>
    </p>
   </div>
   <div class='ocr_carea' id='block_1_11' title="bbox 127 3774 1263 4500">
    <p class='ocr_par' dir='ltr' id='par_1_11' title="bbox 127 3774 1263 4500">
     <span class='ocr_line' id='line_1_37' title="bbox 128 3774 1260 3862; baseline -0.001 -26"><span class='ocrx_word' id='word_1_341' title='bbox 128 3775 245 3836; x_wconf 67' lang='lat' dir='ltr'><strong>tundo.</strong></span> <span class='ocrx_word' id='word_1_342' title='bbox 273 3777 335 3839; x_wconf 87' lang='lat' dir='ltr'><strong>Suo</strong></span> <span class='ocrx_word' id='word_1_343' title='bbox 354 3785 450 3840; x_wconf 85' lang='lat' dir='ltr'><strong>autern</strong></span> <span class='ocrx_word' id='word_1_344' title='bbox 468 3781 601 3862; x_wconf 86' lang='lat' dir='ltr'><strong>exemplo</strong></span> <span class='ocrx_word' id='word_1_345' title='bbox 621 3781 682 3860; x_wconf 89' lang='lat' dir='ltr'><strong>pios</strong></span> <span class='ocrx_word' id='word_1_346' title='bbox 701 3798 802 3840; x_wconf 85' lang='lat' dir='ltr'><strong>ornnes</strong></span> <span class='ocrx_word' id='word_1_347' title='bbox 821 3777 979 3852; x_wconf 82' lang='lat' dir='ltr'><strong>coufirmat,</strong></span> <span class='ocrx_word' id='word_1_348' title='bbox 998 3794 1037 3837; x_wconf 89' lang='lat' dir='ltr'><strong>ne</strong></span> <span class='ocrx_word' id='word_1_349' title='bbox 1054 3774 1141 3838; x_wconf 88' lang='lat' dir='ltr'><strong>rebus</strong></span> <span class='ocrx_word' id='word_1_350' title='bbox 1160 3775 1260 3837; x_wconf 83' lang='lat' dir='ltr'><strong>adrer-</strong></span> 
     </span>
     <span class='ocr_line' id='line_1_38' title="bbox 129 3853 1262 3952; baseline -0.001 -37"><span class='ocrx_word' id='word_1_351' title='bbox 129 3853 169 3916; x_wconf 91' lang='lat' dir='ltr'><strong>sis</strong></span> <span class='ocrx_word' id='word_1_352' title='bbox 188 3857 315 3952; x_wconf 77' lang='lat' dir='ltr'><strong>animum</strong></span> <span class='ocrx_word' id='word_1_353' title='bbox 335 3858 538 3940; x_wconf 81' lang='lat' dir='ltr'><strong>despondeant.</strong></span> <span class='ocrx_word' id='word_1_354' title='bbox 577 3857 614 3918; x_wconf 84' lang='lat' dir='ltr'><strong>Et</strong></span> <span class='ocrx_word' id='word_1_355' title='bbox 634 3859 746 3920; x_wconf 85' lang='lat' dir='ltr'><strong>ridetur</strong></span> <span class='ocrx_word' id='word_1_356' title='bbox 766 3859 896 3919; x_wconf 77' lang='lat' dir='ltr'><strong>consulto</strong></span> <span class='ocrx_word' id='word_1_357' title='bbox 916 3875 1066 3952; x_wconf 75' lang='lat' dir='ltr'><strong>occurrero</strong></span> <span class='ocrx_word' id='word_1_358' title='bbox 1085 3856 1262 3930; x_wconf 88' lang='lat' dir='ltr'><strong>dubitationi,</strong></span> 
     </span>
     <span class='ocr_line' id='line_1_39' title="bbox 129 3937 1263 4100; baseline 0.002 -29"><span class='ocrx_word' id='word_1_359' title='bbox 129 3953 205 4073; x_wconf 72' lang='lat' dir='ltr'><strong>:itt</strong></span> <span class='ocrx_word' id='word_1_360' title='bbox 222 3942 326 4075; x_wconf 61' lang='lat' dir='ltr'><strong>:itt</strong></span> <span class='ocrx_word' id='word_1_361' title='bbox 336 3937 971 4100; x_wconf 53' lang='lat' dir='ltr'><strong>“tttttttiiltuit‘t‘tttlt</strong></span> <span class='ocrx_word' id='word_1_362' title='bbox 981 3937 1263 4096; x_wconf 54' lang='lat' dir='ltr'><strong>trattati</strong></span> 
     </span>
     <span class='ocr_line' id='line_1_40' title="bbox 128 4089 1263 4183; baseline 0.004 -33"><span class='ocrx_word' id='word_1_363' title='bbox 128 4089 225 4151; x_wconf 79' lang='lat' dir='ltr'><strong>David</strong></span> <span class='ocrx_word' id='word_1_364' title='bbox 245 4111 282 4153; x_wconf 89' lang='lat' dir='ltr'><strong>ne</strong></span> <span class='ocrx_word' id='word_1_365' title='bbox 301 4096 475 4178; x_wconf 86' lang='lat' dir='ltr'><strong>sicquidem</strong></span> <span class='ocrx_word' id='word_1_366' title='bbox 495 4099 627 4160; x_wconf 81' lang='lat' dir='ltr'><strong>excidere</strong></span> <span class='ocrx_word' id='word_1_367' title='bbox 645 4098 701 4160; x_wconf 90' lang='lat' dir='ltr'><strong>Dei</strong></span> <span class='ocrx_word' id='word_1_368' title='bbox 720 4099 956 4183; x_wconf 73' lang='lat' dir='ltr'><strong>misericordiam,</strong></span> <span class='ocrx_word' id='word_1_369' title='bbox 982 4099 1049 4178; x_wconf 84' lang='lat' dir='ltr'><strong>quia</strong></span> <span class='ocrx_word' id='word_1_370' title='bbox 1068 4102 1198 4176; x_wconf 87' lang='lat' dir='ltr'><strong>paratum</strong></span> <span class='ocrx_word' id='word_1_371' title='bbox 1218 4101 1263 4156; x_wconf 85' lang='lat' dir='ltr'><strong>eat</strong></span> 
     </span>
     <span class='ocr_line' id='line_1_41' title="bbox 128 4171 1261 4260; baseline 0.002 -28"><span class='ocrx_word' id='word_1_372' title='bbox 128 4171 211 4232; x_wconf 86' lang='lat' dir='ltr'><strong>mulis</strong></span> <span class='ocrx_word' id='word_1_373' title='bbox 234 4176 339 4236; x_wconf 88' lang='lat' dir='ltr'><strong>nostris</strong></span> <span class='ocrx_word' id='word_1_374' title='bbox 358 4179 489 4239; x_wconf 88' lang='lat' dir='ltr'><strong>solatium</strong></span> <span class='ocrx_word' id='word_1_375' title='bbox 508 4187 539 4240; x_wconf 90' lang='lat' dir='ltr'><strong>et</strong></span> <span class='ocrx_word' id='word_1_376' title='bbox 557 4179 712 4240; x_wconf 85' lang='lat' dir='ltr'><strong>remedium</strong></span> <span class='ocrx_word' id='word_1_377' title='bbox 731 4181 761 4240; x_wconf 90' lang='lat' dir='ltr'><strong>in</strong></span> <span class='ocrx_word' id='word_1_378' title='bbox 780 4179 920 4260; x_wconf 84' lang='lat' dir='ltr'><strong>precibus.</strong></span> <span class='ocrx_word' id='word_1_379' title='bbox 953 4174 1171 4238; x_wconf 75' lang='lat' dir='ltr'><strong>circumstantia</strong></span> <span class='ocrx_word' id='word_1_380' title='bbox 1190 4179 1261 4234; x_wconf 89' lang='lat' dir='ltr'><strong>tem·</strong></span> 
     </span>
     <span class='ocr_line' id='line_1_42' title="bbox 128 4253 1262 4341; baseline 0.003 -28"><span class='ocrx_word' id='word_1_381' title='bbox 128 4253 207 4333; x_wconf 88' lang='lat' dir='ltr'><strong>poris</strong></span> <span class='ocrx_word' id='word_1_382' title='bbox 226 4272 319 4336; x_wconf 40' lang='lat' dir='ltr'><strong>qoam,</strong></span> <span class='ocrx_word' id='word_1_383' title='bbox 333 4260 475 4338; x_wconf 81' lang='lat' dir='ltr'><strong>exprimit,</strong></span> <span class='ocrx_word' id='word_1_384' title='bbox 494 4259 637 4332; x_wconf 89' lang='lat' dir='ltr'><strong>admonet,</strong></span> <span class='ocrx_word' id='word_1_385' title='bbox 656 4279 715 4340; x_wconf 79' lang='lat' dir='ltr'><strong>quo</strong></span> <span class='ocrx_word' id='word_1_386' title='bbox 734 4261 825 4341; x_wconf 78' lang='lat' dir='ltr'><strong>magis</strong></span> <span class='ocrx_word' id='word_1_387' title='bbox 844 4278 898 4320; x_wconf 86' lang='lat' dir='ltr'><strong>nos</strong></span> <span class='ocrx_word' id='word_1_388' title='bbox 912 4263 1102 4340; x_wconf 88' lang='lat' dir='ltr'><strong>premuntres</strong></span> <span class='ocrx_word' id='word_1_389' title='bbox 1116 4255 1262 4328; x_wconf 76' lang='lat' dir='ltr'><strong>strenas,</strong></span> 
     </span>
     <span class='ocr_line' id='line_1_43' title="bbox 127 4335 1262 4420; baseline 0.004 -30"><span class='ocrx_word' id='word_1_390' title='bbox 127 4339 199 4392; x_wconf 86' lang='lat' dir='ltr'><strong>tunc</strong></span> <span class='ocrx_word' id='word_1_391' title='bbox 222 4351 290 4396; x_wconf 80' lang='lat' dir='ltr'><strong>vere</strong></span> <span class='ocrx_word' id='word_1_392' title='bbox 314 4347 508 4419; x_wconf 90' lang='lat' dir='ltr'><strong>opportunum</strong></span> <span class='ocrx_word' id='word_1_393' title='bbox 532 4353 596 4400; x_wconf 83' lang='lat' dir='ltr'><strong>esse</strong></span> <span class='ocrx_word' id='word_1_394' title='bbox 619 4339 719 4400; x_wconf 85' lang='lat' dir='ltr'><strong>orandi</strong></span> <span class='ocrx_word' id='word_1_395' title='bbox 737 4347 863 4420; x_wconf 82' lang='lat' dir='ltr'><strong>tempus:</strong></span> <span class='ocrx_word' id='word_1_396' title='bbox 892 4339 961 4398; x_wconf 91' lang='lat' dir='ltr'><strong>dum</strong></span> <span class='ocrx_word' id='word_1_397' title='bbox 980 4335 1087 4396; x_wconf 91' lang='lat' dir='ltr'><strong>scilicet</strong></span> <span class='ocrx_word' id='word_1_398' title='bbox 1106 4355 1137 4396; x_wconf 89' lang='lat' dir='ltr'><strong>se</strong></span> <span class='ocrx_word' id='word_1_399' title='bbox 1156 4355 1194 4396; x_wconf 82' lang='lat' dir='ltr'><strong>ex</strong></span> <span class='ocrx_word' id='word_1_400' title='bbox 1213 4351 1262 4394; x_wconf 86' lang='lat' dir='ltr'><strong>an·</strong></span> 
     </span>
     <span class='ocr_line' id='line_1_44' title="bbox 127 4412 1261 4500; baseline 0.004 -28"><span class='ocrx_word' id='word_1_401' title='bbox 127 4412 228 4492; x_wconf 63' lang='lat' dir='ltr'><strong>pardi</strong></span> <span class='ocrx_word' id='word_1_402' title='bbox 247 4426 394 4498; x_wconf 82' lang='lat' dir='ltr'><strong>precatum</strong></span> <span class='ocrx_word' id='word_1_403' title='bbox 414 4419 490 4494; x_wconf 88' lang='lat' dir='ltr'><strong>dicit,</strong></span> <span class='ocrx_word' id='word_1_404' title='bbox 511 4426 598 4500; x_wconf 83' lang='lat' dir='ltr'><strong>atque</strong></span> <span class='ocrx_word' id='word_1_405' title='bbox 614 4417 673 4488; x_wconf 86' lang='lat' dir='ltr'><strong>troc</strong></span> <span class='ocrx_word' id='word_1_406' title='bbox 687 4420 775 4482; x_wconf 83' lang='lat' dir='ltr'><strong>modo</strong></span> <span class='ocrx_word' id='word_1_407' title='bbox 789 4421 820 4480; x_wconf 89' lang='lat' dir='ltr'><strong>iu</strong></span> <span class='ocrx_word' id='word_1_408' title='bbox 834 4419 1013 4481; x_wconf 81' lang='lat' dir='ltr'><strong>latitudinem</strong></span> <span class='ocrx_word' id='word_1_409' title='bbox 1022 4415 1108 4480; x_wconf 87' lang='lat' dir='ltr'><strong>laissa</strong></span> <span class='ocrx_word' id='word_1_410' title='bbox 1118 4415 1261 4478; x_wconf 81' lang='lat' dir='ltr'><strong>eductam</strong></span> 
     </span>
    </p>
   </div>
   <div class='ocr_carea' id='block_1_12' title="bbox 0 0 1449 4886">
    <p class='ocr_par' dir='ltr' id='par_1_12' title="bbox 0 0 1449 4886">
     <span class='ocr_line' id='line_1_45' title="bbox 0 0 1449 4886; baseline 0 0"><span class='ocrx_word' id='word_1_411' title='bbox 0 0 1449 4886; x_wconf 95' lang='lat' dir='ltr'><strong> </strong></span> 
     </span>
    </p>
   </div>
  </div>
 </body>
</html>
