2890 4886
551 243 867 320 arrarumcvr.
1209 277 1263 334 251
1344 245 1347 258 ¹

123 400 331 463 coniurationia
354 403 531 480 uansgreesa
555 419 614 462 non
638 405 695 460 est:
725 417 829 479 nempe
853 399 922 480 qnia
940 415 1005 460 eam
1024 397 1154 478 rnitlgare
1172 399 1264 462 veluit

123 479 223 556 Deua,
252 485 282 540 et
307 477 396 558 vulgo
421 475 570 540 hominum
633 497 726 551 rcere,
756 477 835 560 qnod
859 485 954 539 tamen
974 478 1108 538 novitatis
1128 479 1263 560 cupidum
1374 511 1380 534 ι

124 561 228 632 luerat,
247 565 281 619 nt
300 555 432 636 omnibus
451 556 651 620 intolerabrles'
662 563 757 618 essent
775 555 871 617 llloses
891 563 921 617 et
940 555 1046 618 Aaron.

206 641 255 702 19.
278 641 422 700 umor
440 641 571 698 elladam.
611 635 666 700 Hie
685 637 871 698 delectionem
891 638 973 719 ponit
993 637 1119 698 omnim
1134 638 1264 721 turpissi2

125 737 220 794 mem,
250 719 319 780 dum
344 718 451 778 reiemo
476 737 545 780 vero
566 715 621 778 Dei
640 717 736 791 cultu,
765 717 888 780 vitulum
907 717 961 779 eibi
979 716 1163 780 fabricarant.
1201 716 1264 780 litui
1305 779 1311 790 ,

125 805 224 862 autem
244 796 424 878 propositum
443 795 498 858 illie
517 803 587 874 erat,
607 796 704 860 Deum
724 796 780 858 boc
798 797 885 858 modo
906 797 1010 872 colere,
1033 795 1148 858 brutum
1167 804 1264 860 tamen

125 877 423 1018 ῧὲροιεὲιῶοοιιςμὶι
438 873 602 1016 ἷοῖιριιειι,
626 877 704 957 qnod
733 877 924 1018 maregni
943 899 1045 1016 eorarp
1063 879 1216 1017 ocaplptth'pJ
1236 883 1265 938 et
1350 863 1356 888 ⁸

174 977 224 1017 um
341 977 419 1015 verre
493 981 519 1018 ιι
554 979 658 1018 oenum
677 977 741 1017 cero
825 970 862 1017 or·
922 975 1021 1018 recsen
1036 975 1154 1018 avenn.
1217 975 1264 1016 em

125 1037 194 1096 hine
218 958 340 1116 colligll5
371 1033 490 1130 ropheta
514 959 619 1097 uhioni
643 1035 708 1096 Deo
733 1035 812 1116 qnod
837 974 921 1095 annila,
946 1042 1005 1112 est,
1032 1043 1181 1117 totamque
1204 1037 1265 1102 eice

147 1117 246 1176 loriam
273 1115 424 1196 protanam.
464 1112 500 1176 Et
520 1135 588 1176 sane
606 1117 647 1176 ita
670 1122 727 1176 ese
757 1116 888 1196 quamde
907 1116 983 1176 enim
1003 1114 1157 1176 obtendunt
1175 1115 1265 1177 idolo·

126 1139 216 1258 lutrae
231 1194 342 1256 colendi
352 1193 408 1256 Dei
423 1193 527 1268 edum,
546 1195 631 1256 simul
645 1201 740 1256 tanam
756 1214 791 1256 ec
804 1193 857 1254 sibi
871 1193 997 1274 figurant
1010 1195 1149 1260 visibilem
1159 1193 1264 1270 Deum,

126 1275 268 1355 abnegato
282 1273 438 1346 veroDeo,
452 1274 561 1334 idolum
580 1273 634 1334 sibi
653 1276 742 1355 impie
758 1274 905 1335 lubricant
926 1273 1132 1356 Sedllagitim
1151 1275 1265 1356 gravius

126 1355 282 1436 exprobrat
302 1373 392 1436 quum
412 1353 481 1414 dicit
498 1363 532 1414 ie
549 1357 770 1416 similtudinem
788 1356 868 1416 benis
887 1357 1063 1418 comederetis
1077 1356 1219 1434 suwetot
1236 1361 1267 1415 et

127 1451 164 1496 ex
188 1435 323 1514 opposito
346 1435 429 1515 ponit
452 1435 542 1494 demes
559 1441 710 1515 ipeorure,
732 1433 779 1494 vet
822 1433 932 1494 leriam.
972 1433 1047 1496 Nam
1072 1455 1164 1513 qaum
1184 1431 1265 1496 Deua

126 1531 180 1574 aaa
198 1513 289 1595 gloria
307 1533 359 1575 eos
384 1511 544 1587 decoraret,
573 1519 698 1593 quantae
720 1531 789 1577 auen
825 1515 868 1573 iae
892 1511 947 1575 lnit
964 1515 1134 1574 substituere
1153 1515 1185 1575 in
1204 1516 1266 1576 eiua

127 1594 224 1653 locum
243 1613 302 1654 ncn
321 1589 408 1654 modo
428 1591 547 1668 bovem,
566 1593 616 1654 aed
632 1599 777 1654 mortuam
796 1591 877 1652 boris
897 1591 1038 1654 serenam?
1067 1595 1150 1674 quasi
1170 1593 1266 1674 aliqua

126 1674 164 1734 sit
183 1672 308 1732 allinitae
329 1673 404 1734 inter
417 1669 522 1746 Deum,
542 1673 593 1752 qni
611 1691 712 1734 omnes
729 1671 929 1734 alimentorum
949 1674 1058 1754 speeies
1077 1681 1219 1753 procreat,
1238 1677 1268 1734 et

127 1769 257 1814 craesum
281 1752 387 1812 animal
411 1751 490 1832 qnod
518 1751 604 1812 foeno
627 1753 761 1814 vescitur.
801 1749 966 1812 Notandum
995 1753 1082 1834 igitur
1104 1751 1267 1834 Prophetae

128 1833 296 1901 concilium,
321 1831 388 1914 quie
407 1831 476 1892 dam
495 1829 625 1892 homines
644 1834 674 1892 in
693 1831 830 1892 mediocri
849 1833 1049 1912 superstitione
1069 1851 1101 1892 as
1118 1853 1179 1894 non
1200 1851 1266 1894 een·

128 1914 229 1986 tinent,
248 1912 299 1972 scd
317 1912 446 2008 proiecto
465 1911 575 1993 pudore
594 1912 699 1972 saltant
717 1911 755 1972 ad
774 1910 953 1992 profflgiosoe
967 1912 1073 1988 cultus,
1092 1914 1206 1992 turpior
1223 1918 1268 1972 eet

127 1995 231 2054 eornm
249 1999 385 2066 cantas,
408 1995 438 2052 et
455 1991 546 2071 magis
567 1991 748 2054 mutabitis.
788 1990 822 2050 Si
841 1989 939 2052 Dener
958 1991 1011 2052 sibi
1029 1997 1269 2072 repraeemtaeset

127 2069 651 2231 enarraturam
669 2073 737 2209 lh
746 2070 1269 2213 *htttdtdtbd‘a'l

128 2231 269 2293 imbuent
287 2231 418 2292 hominen
437 2229 502 2291 cibe
521 2191 553 2289 lt
572 2235 652 2312 poto,
673 2231 741 2308 qnia
760 2230 822 2288 eius
838 2245 956 2288 murm
970 2236 1140 2290 nanuaantnr
1153 2250 1171 2292 a
1185 2229 1270 2293 rebus

128 2311 265 2384 mannia,
288 2311 415 2372 fatentur
455 2329 520 2371 nem
540 2309 647 2390 fragilis
666 2311 704 2368 sit
722 2327 775 2368 sna
793 2307 927 2368 conditio.
967 2307 1087 2386 Quanto
1106 2312 1115 2370 i
1135 2311 1268 2382 itammt·

127 2391 190 2451 iore
209 2391 384 2452 contumelia
453 2393 527 2450 citur
537 2387 617 2449 Dens
638 2409 729 2472 quum
749 2387 890 2467 relegatur
910 2387 947 2447 ad
966 2387 1087 2449 bestias?
1112 2331 1172 2450 lam
1191 2410 1268 2450 corn·

128 2473 238 2553 paratio
259 2471 295 2530 de
315 2489 373 2550 qua
392 2469 531 2543 diximus,
561 2469 668 2530 crimen
692 2474 857 2548 exaggerat.
898 2465 994 2544 Quale
1014 2469 1091 2529 enim
1110 2468 1270 2530 deensvlnit

129 2557 230 2612 caueto
251 2551 369 2630 populo,
388 2555 532 2610 mortuam
552 2548 633 2610 beria
652 2547 775 2627 effigiem
795 2547 888 2608 colere
908 2549 973 2611 loco
993 2548 1067 2608 Dei?
1098 2548 1189 2634 Atqui
1209 2550 1269 2630 glo·

129 2631 199 2691 riam
220 2648 301 2690 enam
320 2631 410 2690 instar
429 2628 636 2690 alambens
654 2647 740 2708 snper
759 2626 835 2688 blica
848 2627 981 2688 Abrahae
999 2626 1153 2689 extendere
1173 2630 1269 2710 digna·

129 2716 177 2772 tes
196 2709 299 2782 inerat,
319 2716 353 2770 nt
371 2729 421 2769 ees
440 2727 553 2774 anaema
572 2709 744 2789 praestantia
764 2713 888 2766 ornaret.
917 2705 995 2790 Erga
1014 2709 1056 2768 illi
1075 2727 1107 2768 se
1126 2709 1269 2784 eudendo,

130 2789 337 2870 turpitudinem
358 2799 440 2850 snam
459 2795 655 2872 exposuerunt
667 2787 805 2848 Gentium
824 2788 954 2848 omniurn
972 2787 1195 2850 ludibrlisuldeo
1215 2791 1269 2850 cri·

131 2887 199 2930 men
224 2867 495 2965 illudidolclatriec
521 2868 681 2964 descpibenp
705 2867 818 2963 ldoeep,
841 2867 975 2964 nuditatis
1000 2871 1197 2929 perentitur.
1236 2868 1271 2930 Si

130 2947 722 3090 utt¹ttddlttlll⁰t:.bt
734 2945 1271 3108 ittuttatttltwt

132 3125 210 3183 snas,
230 3107 281 3168 aed
299 3127 359 3186 quo
379 3110 474 3189 potins
493 3108 695 3168 adiuvarentur
713 3107 750 3166 ad
770 3107 944 3186 spiritualem
963 3106 1020 3168 Dei
1039 3110 1156 3168 cultum.

210 3191 260 3248 21.
293 3189 382 3249 ottae
399 3197 477 3250 ιιιιιι.
517 3185 633 3268 Repetit
656 3185 781 3250 secundo
802 3184 962 3268 Propheta,
990 3207 1050 3248 non
1074 3189 1185 3248 inscitia
1208 3189 1271 3250 nola

133 3285 244 3328 masse
264 3267 414 3348 populum,
433 3267 483 3328 sed
503 3266 803 3348 ingratitudine-quio
822 3267 880 3326 iam
899 3267 967 3326 aetia
985 3285 1129 3348 superque
1142 3287 1174 3327 se
1188 3268 1270 3331 Deua

133 3345 315 3442 patefecerat.
332 3427 340 3444 Ο
356 3345 457 3428 Caepio
476 3347 562 3408 etiarn
581 3347 651 3443 ippic
670 3346 782 3408 sublata
801 3354 845 3406 eet
863 3347 1117 3446 orornamenta
1138 3346 1220 3444 Dens
1239 3351 1270 3410 in

131 3425 591 3587 ttdttt‘ltf‘ltftdl
604 3425 1144 3586 :dibilitatilttllttt
1163 3447 1270 3570 titt

133 3587 403 3660 communicaverat,
420 3591 593 3648 convertunt
611 3603 643 3647 se
662 3583 700 3646 ad
718 3585 817 3646 brutae
835 3587 1057 3666 superstitiones.
1078 3585 1185 3648 Subest
1194 3587 1271 3650 enim

133 3683 236 3745 magne
256 3666 286 3724 in
306 3664 350 3725 his
368 3665 467 3747 elogiis
485 3666 639 3747 emphatic,
659 3665 739 3746 qnod
757 3661 848 3752 Dens,
868 3671 902 3724 nt
920 3683 1019 3726 eorum
1039 3674 1115 3728 esset
1133 3674 1271 3742 cantor,

133 3743 326 3806 incredibilem
351 3763 434 3806 cnam
460 3747 617 3826 potentiam
638 3765 655 3805 c
674 3745 760 3806 coelis
780 3753 951 3804 exseruerat.
991 3745 1024 3806 Si
1044 3747 1164 3828 vrdgate
1184 3747 1271 3808 medo

132 3823 249 3903 aliquod
268 3826 381 3906 signnm
396 3824 519 3886 dedisset
533 3844 601 3886 snae
615 3826 737 3901 virtutis,
757 3823 877 3884 debebat
896 3829 991 3886 tamen
1010 3829 1129 3887 attentio
1149 3829 1273 3888 retinere

132 3903 272 3984 populum
291 3905 321 3964 in
346 3905 408 3966 ains
431 3907 534 3966 timore
558 3913 588 3966 et
612 3906 704 3966 celte:
730 3925 808 3966 nunc
832 3923 921 3983 quam
942 3907 1061 3966 virtum
1081 3908 1211 3988 apprime
1229 3908 1271 3968 in-

134 3984 228 4064 signes
247 3983 367 4058 inerint,
390 3985 450 4044 imo
468 3983 608 4044 terribiles
627 3993 657 4046 et
674 3986 819 4060 insolitae,
843 3984 983 4065 populum
1002 3987 1105 4046 clansio
1125 3988 1216 4046 centis
1235 3987 1273 4047 ad

132 4061 323 4124 idololatriam
341 4083 373 4125 se
393 4065 541 4144 proiicere,
559 4065 644 4126 uineis
662 4065 810 4146 indignum
830 4063 892 4125 init.
932 4063 1006 4126 Nam
1026 4065 1074 4126 illa
1096 4064 1151 4126 Dei
1171 4069 1271 4128 no‘titia
1297 4121 1300 4132 ,
1340 4076 1345 4104 l

132 4161 192 4202 nen
212 4163 295 4204 secas
314 4163 350 4204 ae
368 4143 438 4203 eoba
456 4143 569 4224 fulgore
588 4143 679 4226 caligo
698 4146 858 4224 disendtnr,
878 4148 1041 4208 commenta
1060 4147 1155 4206 omnia
1169 4153 1198 4206 et
1208 4165 1270 4229 pra·

493 4222 498 4234 Ι

133 4239 186 4284 vos
205 4243 316 4284 errores
336 4243 506 4286 evanescere
524 4225 662 4306 oportuit.

108 4467 115 4496 Ι
221 4369 275 4442 23.
299 4369 342 4440 Et
363 4371 443 4440 dixit
463 4381 500 4438 ut
521 4373 666 4463 perderet
687 4396 753 4454 eoa,
775 4373 835 4443 nisi
852 4373 961 4442 llloees
983 4372 1103 4442 electus
1125 4372 1193 4442 eius
1215 4383 1274 4442 ete·

703 4541 711 4576 Ι
781 4595 785 4603 ι
