<?xml version="1.0" encoding="UTF-8"?>
<!DOCTYPE html PUBLIC "-//W3C//DTD XHTML 1.0 Transitional//EN"
    "http://www.w3.org/TR/xhtml1/DTD/xhtml1-transitional.dtd">
<html xmlns="http://www.w3.org/1999/xhtml" xml:lang="en" lang="en">
 <head>
  <title>
</title>
<meta http-equiv="Content-Type" content="text/html;charset=utf-8" />
  <meta name='ocr-system' content='tesseract 3.04.00' />
  <meta name='ocr-capabilities' content='ocr_page ocr_carea ocr_par ocr_line ocrx_word'/>
</head>
<body>
  <div class='ocr_page' id='page_1' title='image "./ioanniscalvinii04tholgoog_0329.png"; bbox 0 0 2884 4886; ppageno 0'>
   <div class='ocr_carea' id='block_1_1' title="bbox 159 2643 685 2722">
    <p class='ocr_par' dir='ltr' id='par_1_1' title="bbox 159 2643 685 2722">
     <span class='ocr_line' id='line_1_1' title="bbox 159 2643 685 2722; baseline -0.006 -15"><span class='ocrx_word' id='word_1_1' title='bbox 159 2695 163 2716; x_wconf 77' lang='grc'>,</span> <span class='ocrx_word' id='word_1_2' title='bbox 199 2650 363 2707; x_wconf 70' lang='lat' dir='ltr'><strong>stitueretur</strong></span> <span class='ocrx_word' id='word_1_3' title='bbox 385 2645 516 2706; x_wconf 85' lang='lat' dir='ltr'><strong>humanis</strong></span> <span class='ocrx_word' id='word_1_4' title='bbox 540 2643 685 2722; x_wconf 85' lang='lat' dir='ltr'><strong>subsidiis,</strong></span> 
     </span>
    </p>
   </div>
   <div class='ocr_carea' id='block_1_2' title="bbox 199 223 1001 360">
    <p class='ocr_par' dir='ltr' id='par_1_2' title="bbox 199 223 1001 360">
     <span class='ocr_line' id='line_1_2' title="bbox 199 223 1001 360; baseline -0.01 -26"><span class='ocrx_word' id='word_1_5' title='bbox 199 291 255 350; x_wconf 77' lang='lat'><strong>³20</strong></span> <span class='ocrx_word' id='word_1_6' title='bbox 485 350 487 360; x_wconf 26' lang='grc' dir='ltr'>Ι</span> <span class='ocrx_word' id='word_1_7' title='bbox 610 223 926 334; x_wconf 69' lang='lat' dir='ltr'><strong>¹acraruuns</strong></span> <span class='ocrx_word' id='word_1_8' title='bbox 997 319 1001 326; x_wconf 81' lang='grc'>,</span> 
     </span>
    </p>
   </div>
   <div class='ocr_carea' id='block_1_3' title="bbox 201 403 1338 1052">
    <p class='ocr_par' dir='ltr' id='par_1_3' title="bbox 201 403 1338 1052">
     <span class='ocr_line' id='line_1_3' title="bbox 230 403 1338 494; baseline -0.003 -15"><span class='ocrx_word' id='word_1_9' title='bbox 230 420 235 434; x_wconf 71' lang='lat'><strong><em>¹</em></strong></span> <span class='ocrx_word' id='word_1_10' title='bbox 280 416 440 479; x_wconf 64' lang='lat' dir='ltr'><strong>diatono</strong></span> <span class='ocrx_word' id='word_1_11' title='bbox 455 423 577 474; x_wconf 66' lang='lat' dir='ltr'><strong>mors.</strong></span> <span class='ocrx_word' id='word_1_12' title='bbox 596 411 686 475; x_wconf 87' lang='lat' dir='ltr'><strong>Unius</strong></span> <span class='ocrx_word' id='word_1_13' title='bbox 706 411 762 474; x_wconf 90' lang='lat' dir='ltr'><strong>Dei</strong></span> <span class='ocrx_word' id='word_1_14' title='bbox 780 413 889 474; x_wconf 87' lang='lat' dir='ltr'><strong>auxilio</strong></span> <span class='ocrx_word' id='word_1_15' title='bbox 906 411 1006 487; x_wconf 75' lang='lat' dir='ltr'><strong>fretus,</strong></span> <span class='ocrx_word' id='word_1_16' title='bbox 1025 428 1084 472; x_wconf 91' lang='lat' dir='ltr'><strong>uon</strong></span> <span class='ocrx_word' id='word_1_17' title='bbox 1102 413 1202 494; x_wconf 82' lang='lat' dir='ltr'><strong>paneis</strong></span> <span class='ocrx_word' id='word_1_18' title='bbox 1221 403 1338 476; x_wconf 77' lang='lat' dir='ltr'><strong>lentim</strong></span> 
     </span>
     <span class='ocr_line' id='line_1_4' title="bbox 201 491 1337 576; baseline -0.004 -17"><span class='ocrx_word' id='word_1_19' title='bbox 201 496 340 570; x_wconf 85' lang='lat' dir='ltr'><strong>hostibus,</strong></span> <span class='ocrx_word' id='word_1_20' title='bbox 359 496 409 554; x_wconf 88' lang='lat' dir='ltr'><strong>sed</strong></span> <span class='ocrx_word' id='word_1_21' title='bbox 428 496 483 554; x_wconf 88' lang='lat' dir='ltr'><strong>toti</strong></span> <span class='ocrx_word' id='word_1_22' title='bbox 501 493 608 553; x_wconf 91' lang='lat' dir='ltr'><strong>mundo</strong></span> <span class='ocrx_word' id='word_1_23' title='bbox 628 493 758 554; x_wconf 84' lang='lat' dir='ltr'><strong>insultat:</strong></span> <span class='ocrx_word' id='word_1_24' title='bbox 787 494 844 552; x_wconf 89' lang='lat' dir='ltr'><strong>nesi</strong></span> <span class='ocrx_word' id='word_1_25' title='bbox 863 491 977 566; x_wconf 88' lang='lat' dir='ltr'><strong>dieerst,</strong></span> <span class='ocrx_word' id='word_1_26' title='bbox 998 494 1065 572; x_wconf 83' lang='lat' dir='ltr'><strong>quia</strong></span> <span class='ocrx_word' id='word_1_27' title='bbox 1084 510 1172 556; x_wconf 77' lang='lat' dir='ltr'><strong>menn</strong></span> <span class='ocrx_word' id='word_1_28' title='bbox 1190 491 1248 554; x_wconf 85' lang='lat' dir='ltr'><strong>Dei</strong></span> <span class='ocrx_word' id='word_1_29' title='bbox 1268 515 1337 576; x_wconf 90' lang='lat' dir='ltr'><strong>pro·</strong></span> 
     </span>
     <span class='ocr_line' id='line_1_5' title="bbox 201 571 1338 658; baseline -0.003 -22"><span class='ocrx_word' id='word_1_30' title='bbox 201 579 322 658; x_wconf 79' lang='lat' dir='ltr'><strong>tegitur,</strong></span> <span class='ocrx_word' id='word_1_31' title='bbox 346 593 444 634; x_wconf 81' lang='lat' dir='ltr'><strong>secure</strong></span> <span class='ocrx_word' id='word_1_32' title='bbox 463 592 494 633; x_wconf 90' lang='lat' dir='ltr'><strong>se</strong></span> <span class='ocrx_word' id='word_1_33' title='bbox 513 579 599 632; x_wconf 85' lang='lat' dir='ltr'><strong>etex</strong></span> <span class='ocrx_word' id='word_1_34' title='bbox 618 576 683 633; x_wconf 88' lang='lat' dir='ltr'><strong>tato</strong></span> <span class='ocrx_word' id='word_1_35' title='bbox 702 573 846 653; x_wconf 75' lang='lat' dir='ltr'>despicere</span> <span class='ocrx_word' id='word_1_36' title='bbox 865 571 1002 654; x_wconf 86' lang='lat' dir='ltr'><strong>quiequid</strong></span> <span class='ocrx_word' id='word_1_37' title='bbox 1021 572 1338 654; x_wconf 83' lang='lat' dir='ltr'><strong>machinari&#39;poterunt</strong></span> 
     </span>
     <span class='ocr_line' id='line_1_6' title="bbox 201 651 1337 736; baseline -0.004 -17"><span class='ocrx_word' id='word_1_38' title='bbox 201 657 340 720; x_wconf 85' lang='lat' dir='ltr'><strong>homines.</strong></span> <span class='ocrx_word' id='word_1_39' title='bbox 379 651 417 714; x_wconf 84' lang='lat' dir='ltr'><strong>Et</strong></span> <span class='ocrx_word' id='word_1_40' title='bbox 436 660 512 712; x_wconf 82' lang='lat' dir='ltr'><strong>uerte</strong></span> <span class='ocrx_word' id='word_1_41' title='bbox 532 659 603 713; x_wconf 90' lang='lat' dir='ltr'><strong>tune</strong></span> <span class='ocrx_word' id='word_1_42' title='bbox 617 653 736 714; x_wconf 89' lang='lat' dir='ltr'><strong>demum</strong></span> <span class='ocrx_word' id='word_1_43' title='bbox 755 652 889 712; x_wconf 87' lang='lat' dir='ltr'><strong>tribuitur</strong></span> <span class='ocrx_word' id='word_1_44' title='bbox 913 654 1004 720; x_wconf 83' lang='lat' dir='ltr'><strong>instas</strong></span> <span class='ocrx_word' id='word_1_45' title='bbox 1023 651 1117 719; x_wconf 87' lang='lat' dir='ltr'><strong>bonor</strong></span> <span class='ocrx_word' id='word_1_46' title='bbox 1136 652 1216 727; x_wconf 89' lang='lat' dir='ltr'><strong>Deo,</strong></span> <span class='ocrx_word' id='word_1_47' title='bbox 1241 673 1337 736; x_wconf 76' lang='lat' dir='ltr'><strong>quum</strong></span> 
     </span>
     <span class='ocr_line' id='line_1_7' title="bbox 201 729 1337 820; baseline -0.002 -24"><span class='ocrx_word' id='word_1_48' title='bbox 201 756 270 820; x_wconf 87' lang='lat' dir='ltr'><strong>prae</strong></span> <span class='ocrx_word' id='word_1_49' title='bbox 289 737 351 816; x_wconf 89' lang='lat' dir='ltr'><strong>ipso</strong></span> <span class='ocrx_word' id='word_1_50' title='bbox 371 732 452 793; x_wconf 89' lang='lat' dir='ltr'><strong>nihili</strong></span> <span class='ocrx_word' id='word_1_51' title='bbox 472 731 587 792; x_wconf 90' lang='lat' dir='ltr'><strong>ducitur</strong></span> <span class='ocrx_word' id='word_1_52' title='bbox 605 739 666 792; x_wconf 91' lang='lat' dir='ltr'><strong>tota</strong></span> <span class='ocrx_word' id='word_1_53' title='bbox 708 731 786 816; x_wconf 49' lang='lat' dir='ltr'><strong>¹andi</strong></span> <span class='ocrx_word' id='word_1_54' title='bbox 804 732 938 814; x_wconf 87' lang='lat' dir='ltr'><strong>potentia.</strong></span> <span class='ocrx_word' id='word_1_55' title='bbox 973 729 1038 791; x_wconf 86' lang='lat' dir='ltr'><strong>lloe</strong></span> <span class='ocrx_word' id='word_1_56' title='bbox 1057 731 1143 792; x_wconf 90' lang='lat' dir='ltr'><strong>etiam</strong></span> <span class='ocrx_word' id='word_1_57' title='bbox 1162 733 1248 794; x_wconf 89' lang='lat' dir='ltr'><strong>modo</strong></span> <span class='ocrx_word' id='word_1_58' title='bbox 1269 753 1337 814; x_wconf 89' lang='lat' dir='ltr'><strong>per-</strong></span> 
     </span>
     <span class='ocr_line' id='line_1_8' title="bbox 202 751 1336 908; baseline -0.004 -31"><span class='ocrx_word' id='word_1_59' title='bbox 202 817 314 896; x_wconf 74' lang='lat' dir='ltr'><strong>stringit</strong></span> <span class='ocrx_word' id='word_1_60' title='bbox 333 813 460 873; x_wconf 89' lang='lat' dir='ltr'><strong>omniam</strong></span> <span class='ocrx_word' id='word_1_61' title='bbox 479 811 538 872; x_wconf 81' lang='lat' dir='ltr'><strong>sere</strong></span> <span class='ocrx_word' id='word_1_62' title='bbox 557 751 796 885; x_wconf 62' lang='lat' dir='ltr'><strong>ineredulffiateur,</strong></span> <span class='ocrx_word' id='word_1_63' title='bbox 826 813 877 908; x_wconf 77' lang='lat' dir='ltr'><strong>spui</strong></span> <span class='ocrx_word' id='word_1_64' title='bbox 902 830 933 871; x_wconf 88' lang='lat' dir='ltr'><strong>se</strong></span> <span class='ocrx_word' id='word_1_65' title='bbox 952 810 1029 872; x_wconf 89' lang='lat' dir='ltr'><strong>ultro</strong></span> <span class='ocrx_word' id='word_1_66' title='bbox 1049 818 1232 873; x_wconf 83' lang='lat' dir='ltr'><strong>consternant</strong></span> <span class='ocrx_word' id='word_1_67' title='bbox 1252 813 1336 873; x_wconf 86' lang='lat' dir='ltr'><strong>ranis</strong></span> 
     </span>
     <span class='ocr_line' id='line_1_9' title="bbox 201 889 1336 974; baseline -0.003 -17"><span class='ocrx_word' id='word_1_68' title='bbox 201 891 366 966; x_wconf 84' lang='lat' dir='ltr'><strong>terroribus,</strong></span> <span class='ocrx_word' id='word_1_69' title='bbox 385 891 438 952; x_wconf 83' lang='lat' dir='ltr'><strong>etsi</strong></span> <span class='ocrx_word' id='word_1_70' title='bbox 457 893 533 951; x_wconf 88' lang='lat' dir='ltr'><strong>enim</strong></span> <span class='ocrx_word' id='word_1_71' title='bbox 550 889 736 970; x_wconf 87' lang='lat' dir='ltr'><strong>tranquillum</strong></span> <span class='ocrx_word' id='word_1_72' title='bbox 755 891 841 952; x_wconf 85' lang='lat' dir='ltr'><strong>anima</strong></span> <span class='ocrx_word' id='word_1_73' title='bbox 859 895 966 956; x_wconf 77' lang='lat' dir='ltr'><strong>statum</strong></span> <span class='ocrx_word' id='word_1_74' title='bbox 981 909 1081 952; x_wconf 85' lang='lat' dir='ltr'><strong>ornnes</strong></span> <span class='ocrx_word' id='word_1_75' title='bbox 1095 898 1244 974; x_wconf 83' lang='lat' dir='ltr'><strong>expetunt,</strong></span> <span class='ocrx_word' id='word_1_76' title='bbox 1265 894 1336 973; x_wconf 86' lang='lat' dir='ltr'><strong>qnia</strong></span> 
     </span>
     <span class='ocr_line' id='line_1_10' title="bbox 201 967 1334 1052; baseline -0.004 -15"><span class='ocrx_word' id='word_1_77' title='bbox 201 983 298 1038; x_wconf 75' lang='lat' dir='ltr'><strong>tamn</strong></span> <span class='ocrx_word' id='word_1_78' title='bbox 316 969 402 1052; x_wconf 73' lang='lat' dir='ltr'><strong>im&#39;pie</strong></span> <span class='ocrx_word' id='word_1_79' title='bbox 418 967 513 1032; x_wconf 90' lang='lat' dir='ltr'><strong>Deum</strong></span> <span class='ocrx_word' id='word_1_80' title='bbox 534 970 666 1032; x_wconf 83' lang='lat' dir='ltr'><strong>fraudant</strong></span> <span class='ocrx_word' id='word_1_81' title='bbox 684 971 796 1030; x_wconf 84' lang='lat' dir='ltr'><strong>virtutis</strong></span> <span class='ocrx_word' id='word_1_82' title='bbox 815 969 884 1030; x_wconf 79' lang='lat' dir='ltr'><strong>suae</strong></span> <span class='ocrx_word' id='word_1_83' title='bbox 903 968 995 1044; x_wconf 79' lang='lat' dir='ltr'><strong>laude,</strong></span> <span class='ocrx_word' id='word_1_84' title='bbox 1015 989 1065 1030; x_wconf 85' lang='lat' dir='ltr'><strong>eos</strong></span> <span class='ocrx_word' id='word_1_85' title='bbox 1085 977 1165 1032; x_wconf 88' lang='lat' dir='ltr'><strong>lanto</strong></span> <span class='ocrx_word' id='word_1_86' title='bbox 1184 971 1235 1032; x_wconf 89' lang='lat' dir='ltr'><strong>illo</strong></span> <span class='ocrx_word' id='word_1_87' title='bbox 1255 971 1334 1050; x_wconf 83' lang='lat' dir='ltr'><strong>bopo</strong></span> 
     </span>
    </p>
   </div>
   <div class='ocr_carea' id='block_1_4' title="bbox 114 1039 1336 1196">
    <p class='ocr_par' dir='ltr' id='par_1_4' title="bbox 114 1039 1336 1196">
     <span class='ocr_line' id='line_1_11' title="bbox 114 1039 1336 1196; baseline -0.004 -81"><span class='ocrx_word' id='word_1_88' title='bbox 114 1065 117 1076; x_wconf 91' lang='lat'>&#39;</span> <span class='ocrx_word' id='word_1_89' title='bbox 202 1057 296 1196; x_wconf 78' lang='lat' dir='ltr'><strong>privat</strong></span> <span class='ocrx_word' id='word_1_90' title='bbox 314 1071 366 1112; x_wconf 89' lang='lat' dir='ltr'><strong>saa</strong></span> <span class='ocrx_word' id='word_1_91' title='bbox 386 1049 567 1132; x_wconf 78' lang='lat' dir='ltr'><strong>ingratitudo.</strong></span> <span class='ocrx_word' id='word_1_92' title='bbox 607 1047 680 1110; x_wconf 89' lang='lat' dir='ltr'><strong>Nam</strong></span> <span class='ocrx_word' id='word_1_93' title='bbox 700 1051 723 1109; x_wconf 90' lang='lat' dir='ltr'><strong>si</strong></span> <span class='ocrx_word' id='word_1_94' title='bbox 743 1047 801 1109; x_wconf 87' lang='lat' dir='ltr'><strong>Dei</strong></span> <span class='ocrx_word' id='word_1_95' title='bbox 819 1047 933 1110; x_wconf 88' lang='lat' dir='ltr'><strong>arbitrio</strong></span> <span class='ocrx_word' id='word_1_96' title='bbox 952 1055 982 1108; x_wconf 90' lang='lat' dir='ltr'><strong>et</strong></span> <span class='ocrx_word' id='word_1_97' title='bbox 1000 1039 1273 1131; x_wconf 56' lang='lat' dir='ltr'><strong>potestatieunel&#39;u,</strong></span> <span class='ocrx_word' id='word_1_98' title='bbox 1299 1059 1336 1110; x_wconf 91' lang='lat' dir='ltr'><strong>ut</strong></span> 
     </span>
    </p>
   </div>
   <div class='ocr_carea' id='block_1_5' title="bbox 201 1129 1335 1290">
    <p class='ocr_par' dir='ltr' id='par_1_5' title="bbox 201 1129 1335 1290">
     <span class='ocr_line' id='line_1_12' title="bbox 223 1129 1335 1212; baseline -0.004 -18"><span class='ocrx_word' id='word_1_99' title='bbox 223 1139 298 1206; x_wconf 89' lang='lat' dir='ltr'><strong>eeet,</strong></span> <span class='ocrx_word' id='word_1_100' title='bbox 320 1130 505 1201; x_wconf 83' lang='lat' dir='ltr'><strong>subiicerent,</strong></span> <span class='ocrx_word' id='word_1_101' title='bbox 530 1129 668 1210; x_wconf 87' lang='lat' dir='ltr'><strong>intrepide</strong></span> <span class='ocrx_word' id='word_1_102' title='bbox 692 1129 728 1190; x_wconf 93' lang='lat' dir='ltr'><strong>ad</strong></span> <span class='ocrx_word' id='word_1_103' title='bbox 748 1129 905 1210; x_wconf 88' lang='lat' dir='ltr'><strong>superanda</strong></span> <span class='ocrx_word' id='word_1_104' title='bbox 926 1131 1021 1189; x_wconf 89' lang='lat' dir='ltr'><strong>omnia</strong></span> <span class='ocrx_word' id='word_1_105' title='bbox 1039 1129 1221 1190; x_wconf 85' lang='lat' dir='ltr'><strong>ineommoda</strong></span> <span class='ocrx_word' id='word_1_106' title='bbox 1239 1131 1335 1212; x_wconf 87' lang='lat' dir='ltr'><strong>parati</strong></span> 
     </span>
     <span class='ocr_line' id='line_1_13' title="bbox 201 1205 1335 1290; baseline -0.001 -16"><span class='ocrx_word' id='word_1_107' title='bbox 201 1218 321 1284; x_wconf 86' lang='lat' dir='ltr'><strong>starent,</strong></span> <span class='ocrx_word' id='word_1_108' title='bbox 340 1229 465 1290; x_wconf 89' lang='lat' dir='ltr'><strong>quorum</strong></span> <span class='ocrx_word' id='word_1_109' title='bbox 483 1216 562 1270; x_wconf 91' lang='lat' dir='ltr'><strong>metu</strong></span> <span class='ocrx_word' id='word_1_110' title='bbox 582 1205 699 1270; x_wconf 85' lang='lat' dir='ltr'><strong>subinde</strong></span> <span class='ocrx_word' id='word_1_111' title='bbox 718 1215 920 1290; x_wconf 76' lang='lat' dir='ltr'><strong>expavescunt.</strong></span> <span class='ocrx_word' id='word_1_112' title='bbox 961 1205 1045 1268; x_wconf 89' lang='lat' dir='ltr'><strong>Nune</strong></span> <span class='ocrx_word' id='word_1_113' title='bbox 1063 1229 1153 1289; x_wconf 88' lang='lat' dir='ltr'><strong>quum</strong></span> <span class='ocrx_word' id='word_1_114' title='bbox 1173 1209 1230 1272; x_wconf 85' lang='lat' dir='ltr'><strong>Dei</strong></span> <span class='ocrx_word' id='word_1_115' title='bbox 1249 1229 1335 1290; x_wconf 87' lang='lat' dir='ltr'><strong>prae·</strong></span> 
     </span>
    </p>
   </div>
   <div class='ocr_carea' id='block_1_6' title="bbox 121 1287 1410 1382">
    <p class='ocr_par' dir='ltr' id='par_1_6' title="bbox 121 1287 1410 1382">
     <span class='ocr_line' id='line_1_14' title="bbox 121 1287 1410 1382; baseline -0.004 -27"><span class='ocrx_word' id='word_1_116' title='bbox 121 1321 123 1327; x_wconf 94' lang='lat'>·</span> <span class='ocrx_word' id='word_1_117' title='bbox 200 1294 272 1354; x_wconf 88' lang='lat' dir='ltr'><strong>sidio</strong></span> <span class='ocrx_word' id='word_1_118' title='bbox 292 1290 451 1372; x_wconf 87' lang='lat' dir='ltr'><strong>praeierant</strong></span> <span class='ocrx_word' id='word_1_119' title='bbox 469 1291 572 1350; x_wconf 88' lang='lat' dir='ltr'><strong>noxios</strong></span> <span class='ocrx_word' id='word_1_120' title='bbox 591 1288 739 1349; x_wconf 89' lang='lat' dir='ltr'><strong>homiuum</strong></span> <span class='ocrx_word' id='word_1_121' title='bbox 759 1294 891 1364; x_wconf 79' lang='lat' dir='ltr'><strong>conatus,</strong></span> <span class='ocrx_word' id='word_1_122' title='bbox 921 1287 999 1382; x_wconf 86' lang='lat' dir='ltr'><strong>digni</strong></span> <span class='ocrx_word' id='word_1_123' title='bbox 1022 1296 1091 1348; x_wconf 90' lang='lat' dir='ltr'><strong>snut</strong></span> <span class='ocrx_word' id='word_1_124' title='bbox 1114 1308 1187 1369; x_wconf 79' lang='lat' dir='ltr'><strong>quoa</strong></span> <span class='ocrx_word' id='word_1_125' title='bbox 1207 1291 1335 1372; x_wconf 74' lang='lat' dir='ltr'><strong>exagitet</strong></span> <span class='ocrx_word' id='word_1_126' title='bbox 1405 1359 1410 1368; x_wconf 30' lang='lat'>⁸</span> 
     </span>
    </p>
   </div>
   <div class='ocr_carea' id='block_1_7' title="bbox 200 1353 1335 1450">
    <p class='ocr_par' dir='ltr' id='par_1_7' title="bbox 200 1353 1335 1450">
     <span class='ocr_line' id='line_1_15' title="bbox 200 1353 1335 1450; baseline -0.006 -16"><span class='ocrx_word' id='word_1_127' title='bbox 200 1381 258 1434; x_wconf 85' lang='lat' dir='ltr'><strong>stre</strong></span> <span class='ocrx_word' id='word_1_128' title='bbox 279 1374 334 1430; x_wconf 90' lang='lat' dir='ltr'><strong>itus</strong></span> <span class='ocrx_word' id='word_1_129' title='bbox 355 1369 415 1431; x_wconf 85' lang='lat' dir='ltr'><strong>lolii</strong></span> <span class='ocrx_word' id='word_1_130' title='bbox 435 1368 577 1435; x_wconf 61' lang='lat' dir='ltr'><strong>cadentis„</strong></span> <span class='ocrx_word' id='word_1_131' title='bbox 607 1365 689 1430; x_wconf 84' lang='lat' dir='ltr'><strong>Hane</strong></span> <span class='ocrx_word' id='word_1_132' title='bbox 707 1367 876 1448; x_wconf 71' lang='lat' dir='ltr'><strong>pravitatem</strong></span> <span class='ocrx_word' id='word_1_133' title='bbox 896 1386 948 1428; x_wconf 90' lang='lat' dir='ltr'><strong>suo</strong></span> <span class='ocrx_word' id='word_1_134' title='bbox 968 1353 1100 1448; x_wconf 80' lang='lat' dir='ltr'><strong>exemplo</strong></span> <span class='ocrx_word' id='word_1_135' title='bbox 1120 1369 1262 1450; x_wconf 81' lang='lat' dir='ltr'><strong>corrigere</strong></span> <span class='ocrx_word' id='word_1_136' title='bbox 1282 1390 1335 1428; x_wconf 83' lang='lat' dir='ltr'><strong>vo-</strong></span> 
     </span>
    </p>
   </div>
   <div class='ocr_carea' id='block_1_8' title="bbox 169 1447 1334 1530">
    <p class='ocr_par' dir='ltr' id='par_1_8' title="bbox 169 1447 1334 1530">
     <span class='ocr_line' id='line_1_16' title="bbox 169 1447 1334 1530; baseline -0.008 -15"><span class='ocrx_word' id='word_1_137' title='bbox 169 1501 175 1515; x_wconf 51' lang='lat' dir='ltr'><em>s</em></span> <span class='ocrx_word' id='word_1_138' title='bbox 199 1453 253 1526; x_wconf 83' lang='lat' dir='ltr'><strong>luit</strong></span> <span class='ocrx_word' id='word_1_139' title='bbox 292 1449 367 1524; x_wconf 89' lang='lat' dir='ltr'><strong>avid,</strong></span> <span class='ocrx_word' id='word_1_140' title='bbox 386 1469 417 1509; x_wconf 90' lang='lat' dir='ltr'><strong>se</strong></span> <span class='ocrx_word' id='word_1_141' title='bbox 431 1447 497 1510; x_wconf 87' lang='lat' dir='ltr'><strong>Deo</strong></span> <span class='ocrx_word' id='word_1_142' title='bbox 516 1450 655 1530; x_wconf 89' lang='lat' dir='ltr'><strong>propritio</strong></span> <span class='ocrx_word' id='word_1_143' title='bbox 675 1455 792 1508; x_wconf 89' lang='lat' dir='ltr'><strong>eunetos</strong></span> <span class='ocrx_word' id='word_1_144' title='bbox 811 1447 945 1508; x_wconf 87' lang='lat' dir='ltr'><strong>mortales</strong></span> <span class='ocrx_word' id='word_1_145' title='bbox 964 1467 1022 1506; x_wconf 92' lang='lat' dir='ltr'><strong>non</strong></span> <span class='ocrx_word' id='word_1_146' title='bbox 1042 1454 1169 1510; x_wconf 82' lang='lat' dir='ltr'><strong>metuere</strong></span> <span class='ocrx_word' id='word_1_147' title='bbox 1187 1465 1334 1510; x_wconf 84' lang='lat' dir='ltr'><strong>asserens:</strong></span> 
     </span>
    </p>
   </div>
   <div class='ocr_carea' id='block_1_9' title="bbox 193 1525 1335 2330">
    <p class='ocr_par' dir='ltr' id='par_1_9' title="bbox 193 1525 1335 2330">
     <span class='ocr_line' id='line_1_17' title="bbox 200 1525 1335 1614; baseline -0.004 -23"><span class='ocrx_word' id='word_1_148' title='bbox 200 1533 267 1614; x_wconf 87' lang='lat' dir='ltr'><strong>quia</strong></span> <span class='ocrx_word' id='word_1_149' title='bbox 277 1559 278 1564; x_wconf 42' lang='lat'>¹</span> <span class='ocrx_word' id='word_1_150' title='bbox 288 1525 393 1598; x_wconf 80' lang='lat' dir='ltr'><strong>sniieet</strong></span> <span class='ocrx_word' id='word_1_151' title='bbox 412 1546 563 1609; x_wconf 87' lang='lat' dir='ltr'><strong>persuasus</strong></span> <span class='ocrx_word' id='word_1_152' title='bbox 582 1535 635 1603; x_wconf 87' lang='lat' dir='ltr'><strong>est,</strong></span> <span class='ocrx_word' id='word_1_153' title='bbox 655 1527 685 1588; x_wconf 88' lang='lat' dir='ltr'><strong>in</strong></span> <span class='ocrx_word' id='word_1_154' title='bbox 704 1528 764 1588; x_wconf 91' lang='lat' dir='ltr'><strong>eius</strong></span> <span class='ocrx_word' id='word_1_155' title='bbox 779 1525 895 1586; x_wconf 77' lang='lat' dir='ltr'><strong>arbitriis</strong></span> <span class='ocrx_word' id='word_1_156' title='bbox 908 1544 969 1586; x_wconf 87' lang='lat' dir='ltr'><strong>esse</strong></span> <span class='ocrx_word' id='word_1_157' title='bbox 982 1529 1069 1586; x_wconf 88' lang='lat' dir='ltr'><strong>sitam</strong></span> <span class='ocrx_word' id='word_1_158' title='bbox 1082 1529 1216 1590; x_wconf 84' lang='lat' dir='ltr'><strong>adversos</strong></span> <span class='ocrx_word' id='word_1_159' title='bbox 1232 1547 1335 1588; x_wconf 85' lang='lat' dir='ltr'><strong>omnes</strong></span> 
     </span>
     <span class='ocr_line' id='line_1_18' title="bbox 193 1607 1333 1688; baseline 0.002 -22"><span class='ocrx_word' id='word_1_160' title='bbox 193 1616 320 1672; x_wconf 68' lang='lat' dir='ltr'><strong>,conatus</strong></span> <span class='ocrx_word' id='word_1_161' title='bbox 340 1609 487 1669; x_wconf 79' lang='lat' dir='ltr'><strong>discutere.</strong></span> <span class='ocrx_word' id='word_1_162' title='bbox 527 1607 618 1668; x_wconf 87' lang='lat' dir='ltr'><strong>Porro</strong></span> <span class='ocrx_word' id='word_1_163' title='bbox 638 1608 663 1666; x_wconf 91' lang='lat' dir='ltr'><strong>si</strong></span> <span class='ocrx_word' id='word_1_164' title='bbox 682 1607 737 1667; x_wconf 88' lang='lat' dir='ltr'><strong>hoe</strong></span> <span class='ocrx_word' id='word_1_165' title='bbox 756 1608 899 1666; x_wconf 85' lang='lat' dir='ltr'><strong>eantieum</strong></span> <span class='ocrx_word' id='word_1_166' title='bbox 919 1607 1023 1667; x_wconf 87' lang='lat' dir='ltr'><strong>eeeinit</strong></span> <span class='ocrx_word' id='word_1_167' title='bbox 1041 1613 1107 1688; x_wconf 87' lang='lat' dir='ltr'><strong>post</strong></span> <span class='ocrx_word' id='word_1_168' title='bbox 1126 1607 1333 1680; x_wconf 76' lang='lat' dir='ltr'><strong>liberationem,</strong></span> 
     </span>
     <span class='ocr_line' id='line_1_19' title="bbox 200 1685 1332 1768; baseline -0.003 -17"><span class='ocrx_word' id='word_1_169' title='bbox 200 1694 311 1751; x_wconf 82' lang='lat' dir='ltr'><strong>constat</strong></span> <span class='ocrx_word' id='word_1_170' title='bbox 331 1707 418 1768; x_wconf 90' lang='lat' dir='ltr'><strong>quam</strong></span> <span class='ocrx_word' id='word_1_171' title='bbox 436 1687 509 1748; x_wconf 92' lang='lat' dir='ltr'><strong>bene</strong></span> <span class='ocrx_word' id='word_1_172' title='bbox 527 1687 679 1768; x_wconf 79' lang='lat' dir='ltr'><strong>profecerit</strong></span> <span class='ocrx_word' id='word_1_173' title='bbox 696 1685 727 1747; x_wconf 91' lang='lat' dir='ltr'><strong>in</strong></span> <span class='ocrx_word' id='word_1_174' title='bbox 745 1687 919 1766; x_wconf 78' lang='lat' dir='ltr'><strong>experientia</strong></span> <span class='ocrx_word' id='word_1_175' title='bbox 938 1687 1044 1767; x_wconf 87' lang='lat' dir='ltr'><strong>gratiae</strong></span> <span class='ocrx_word' id='word_1_176' title='bbox 1063 1685 1129 1747; x_wconf 88' lang='lat' dir='ltr'><strong>Dei.</strong></span> <span class='ocrx_word' id='word_1_177' title='bbox 1160 1686 1236 1767; x_wconf 85' lang='lat' dir='ltr'><strong>Ergo</strong></span> <span class='ocrx_word' id='word_1_178' title='bbox 1256 1689 1332 1768; x_wconf 69' lang='lat' dir='ltr'><strong>quo-</strong></span> 
     </span>
     <span class='ocr_line' id='line_1_20' title="bbox 200 1765 1334 1848; baseline -0.004 -17"><span class='ocrx_word' id='word_1_179' title='bbox 200 1772 254 1831; x_wconf 86' lang='lat' dir='ltr'><strong>ties</strong></span> <span class='ocrx_word' id='word_1_180' title='bbox 273 1767 354 1828; x_wconf 87' lang='lat' dir='ltr'><strong>nobis</strong></span> <span class='ocrx_word' id='word_1_181' title='bbox 375 1787 459 1848; x_wconf 88' lang='lat' dir='ltr'><strong>opem</strong></span> <span class='ocrx_word' id='word_1_182' title='bbox 478 1765 559 1828; x_wconf 88' lang='lat' dir='ltr'><strong>Deus</strong></span> <span class='ocrx_word' id='word_1_183' title='bbox 578 1767 687 1842; x_wconf 89' lang='lat' dir='ltr'><strong>tulerit,</strong></span> <span class='ocrx_word' id='word_1_184' title='bbox 712 1772 820 1827; x_wconf 80' lang='lat' dir='ltr'><strong>creseat</strong></span> <span class='ocrx_word' id='word_1_185' title='bbox 838 1765 904 1826; x_wconf 88' lang='lat' dir='ltr'><strong>inde</strong></span> <span class='ocrx_word' id='word_1_186' title='bbox 922 1765 1025 1826; x_wconf 84' lang='lat' dir='ltr'><strong>fidaeia</strong></span> <span class='ocrx_word' id='word_1_187' title='bbox 1044 1767 1074 1826; x_wconf 91' lang='lat' dir='ltr'><strong>in</strong></span> <span class='ocrx_word' id='word_1_188' title='bbox 1094 1772 1254 1846; x_wconf 79' lang='lat' dir='ltr'><strong>posterum,</strong></span> <span class='ocrx_word' id='word_1_189' title='bbox 1278 1787 1334 1827; x_wconf 85' lang='lat' dir='ltr'><strong>nee</strong></span> 
     </span>
     <span class='ocr_line' id='line_1_21' title="bbox 200 1845 1333 1927; baseline -0.004 -17"><span class='ocrx_word' id='word_1_190' title='bbox 200 1857 261 1910; x_wconf 90' lang='lat' dir='ltr'><strong>tam</strong></span> <span class='ocrx_word' id='word_1_191' title='bbox 284 1847 414 1908; x_wconf 82' lang='lat' dir='ltr'><strong>obliviosi</strong></span> <span class='ocrx_word' id='word_1_192' title='bbox 439 1848 527 1908; x_wconf 88' lang='lat' dir='ltr'><strong>simus</strong></span> <span class='ocrx_word' id='word_1_193' title='bbox 552 1850 621 1927; x_wconf 89' lang='lat' dir='ltr'><strong>quin</strong></span> <span class='ocrx_word' id='word_1_194' title='bbox 648 1866 760 1927; x_wconf 86' lang='lat' dir='ltr'><strong>semper</strong></span> <span class='ocrx_word' id='word_1_195' title='bbox 784 1851 914 1906; x_wconf 87' lang='lat' dir='ltr'><strong>oeeurrat</strong></span> <span class='ocrx_word' id='word_1_196' title='bbox 937 1845 1048 1906; x_wconf 90' lang='lat' dir='ltr'><strong>bonitas</strong></span> <span class='ocrx_word' id='word_1_197' title='bbox 1068 1854 1096 1906; x_wconf 89' lang='lat' dir='ltr'><strong>et</strong></span> <span class='ocrx_word' id='word_1_198' title='bbox 1116 1846 1205 1908; x_wconf 87' lang='lat' dir='ltr'><strong>virtus</strong></span> <span class='ocrx_word' id='word_1_199' title='bbox 1225 1846 1282 1908; x_wconf 87' lang='lat' dir='ltr'><strong>Dei</strong></span> <span class='ocrx_word' id='word_1_200' title='bbox 1301 1848 1333 1906; x_wconf 90' lang='lat' dir='ltr'><strong>in</strong></span> 
     </span>
     <span class='ocr_line' id='line_1_22' title="bbox 200 1923 1334 2065; baseline -0.001 -77"><span class='ocrx_word' id='word_1_201' title='bbox 200 1931 270 2010; x_wconf 60' lang='lat' dir='ltr'><strong>ipsa*</strong></span> <span class='ocrx_word' id='word_1_202' title='bbox 282 1927 447 1988; x_wconf 85' lang='lat' dir='ltr'><strong>necessitate</strong></span> <span class='ocrx_word' id='word_1_203' title='bbox 466 1927 548 1987; x_wconf 89' lang='lat' dir='ltr'><strong>nobis</strong></span> <span class='ocrx_word' id='word_1_204' title='bbox 557 1933 724 2065; x_wconf 76' lang='lat' dir='ltr'><strong>perspecta.</strong></span> <span class='ocrx_word' id='word_1_205' title='bbox 754 1923 927 2006; x_wconf 85' lang='lat' dir='ltr'><strong>Quanquam</strong></span> <span class='ocrx_word' id='word_1_206' title='bbox 946 1925 1009 1986; x_wconf 83' lang='lat' dir='ltr'><strong>lieri</strong></span> <span class='ocrx_word' id='word_1_207' title='bbox 1028 1932 1125 2008; x_wconf 89' lang='lat' dir='ltr'><strong>potest</strong></span> <span class='ocrx_word' id='word_1_208' title='bbox 1142 1933 1176 1987; x_wconf 95' lang='lat' dir='ltr'><strong>nt</strong></span> <span class='ocrx_word' id='word_1_209' title='bbox 1193 1925 1241 1986; x_wconf 88' lang='lat' dir='ltr'><strong>bie</strong></span> <span class='ocrx_word' id='word_1_210' title='bbox 1262 1927 1334 1987; x_wconf 82' lang='lat' dir='ltr'><strong>reei-</strong></span> 
     </span>
     <span class='ocr_line' id='line_1_23' title="bbox 200 2007 537 2088; baseline -0.009 -19"><span class='ocrx_word' id='word_1_211' title='bbox 200 2015 244 2070; x_wconf 84' lang='lat' dir='ltr'><strong>tet</strong></span> <span class='ocrx_word' id='word_1_212' title='bbox 262 2026 333 2088; x_wconf 90' lang='lat' dir='ltr'><strong>quas</strong></span> <span class='ocrx_word' id='word_1_213' title='bbox 353 2009 426 2068; x_wconf 88' lang='lat' dir='ltr'><strong>inter</strong></span> <span class='ocrx_word' id='word_1_214' title='bbox 445 2007 537 2066; x_wconf 87' lang='lat' dir='ltr'><strong>media</strong></span> 
     </span>
     <span class='ocr_line' id='line_1_24' title="bbox 199 2085 1331 2172; baseline -0.001 -24"><span class='ocrx_word' id='word_1_215' title='bbox 199 2097 296 2156; x_wconf 84' lang='lat' dir='ltr'><strong>tumen</strong></span> <span class='ocrx_word' id='word_1_216' title='bbox 314 2086 384 2150; x_wconf 87' lang='lat' dir='ltr'><strong>illud</strong></span> <span class='ocrx_word' id='word_1_217' title='bbox 405 2089 494 2166; x_wconf 87' lang='lat' dir='ltr'><strong>magis</strong></span> <span class='ocrx_word' id='word_1_218' title='bbox 502 2085 667 2169; x_wconf 79' lang='lat' dir='ltr'><strong>probabile,</strong></span> <span class='ocrx_word' id='word_1_219' title='bbox 686 2093 838 2167; x_wconf 89' lang='lat' dir='ltr'><strong>postquam</strong></span> <span class='ocrx_word' id='word_1_220' title='bbox 856 2087 975 2145; x_wconf 84' lang='lat' dir='ltr'><strong>victoria</strong></span> <span class='ocrx_word' id='word_1_221' title='bbox 995 2086 1103 2172; x_wconf 87' lang='lat' dir='ltr'><strong>pptitus</strong></span> <span class='ocrx_word' id='word_1_222' title='bbox 1122 2094 1191 2162; x_wconf 86' lang='lat' dir='ltr'><strong>erat,</strong></span> <span class='ocrx_word' id='word_1_223' title='bbox 1211 2087 1247 2147; x_wconf 89' lang='lat' dir='ltr'><strong>de</strong></span> <span class='ocrx_word' id='word_1_224' title='bbox 1268 2107 1331 2168; x_wconf 88' lang='lat' dir='ltr'><strong>per-</strong></span> 
     </span>
     <span class='ocr_line' id='line_1_25' title="bbox 200 2164 1332 2251; baseline 0 -22"><span class='ocrx_word' id='word_1_225' title='bbox 200 2176 289 2251; x_wconf 90' lang='lat' dir='ltr'><strong>petuo</strong></span> <span class='ocrx_word' id='word_1_226' title='bbox 309 2166 365 2228; x_wconf 88' lang='lat' dir='ltr'><strong>Dei</strong></span> <span class='ocrx_word' id='word_1_227' title='bbox 389 2169 496 2228; x_wconf 85' lang='lat' dir='ltr'><strong>auxilio</strong></span> <span class='ocrx_word' id='word_1_228' title='bbox 520 2169 552 2227; x_wconf 88' lang='lat' dir='ltr'><strong>in</strong></span> <span class='ocrx_word' id='word_1_229' title='bbox 574 2166 703 2228; x_wconf 81' lang='lat' dir='ltr'><strong>futurum</strong></span> <span class='ocrx_word' id='word_1_230' title='bbox 726 2173 838 2246; x_wconf 88' lang='lat' dir='ltr'><strong>tempus</strong></span> <span class='ocrx_word' id='word_1_231' title='bbox 864 2164 998 2246; x_wconf 84' lang='lat' dir='ltr'><strong>gloriari.¹</strong></span> <span class='ocrx_word' id='word_1_232' title='bbox 1028 2164 1118 2244; x_wconf 85' lang='lat' dir='ltr'><strong>Quod</strong></span> <span class='ocrx_word' id='word_1_233' title='bbox 1136 2169 1332 2228; x_wconf 77' lang='lat' dir='ltr'><strong>ourtltatorea</strong></span> 
     </span>
     <span class='ocr_line' id='line_1_26' title="bbox 201 2245 1331 2330; baseline -0.002 -22"><span class='ocrx_word' id='word_1_234' title='bbox 201 2248 317 2330; x_wconf 86' lang='lat' dir='ltr'><strong>quidam</strong></span> <span class='ocrx_word' id='word_1_235' title='bbox 341 2249 484 2328; x_wconf 81' lang='lat' dir='ltr'><strong>accipient</strong></span> <span class='ocrx_word' id='word_1_236' title='bbox 507 2267 560 2327; x_wconf 90' lang='lat' dir='ltr'><strong>pro</strong></span> <span class='ocrx_word' id='word_1_237' title='bbox 586 2248 687 2326; x_wconf 86' lang='lat' dir='ltr'><strong>exigna</strong></span> <span class='ocrx_word' id='word_1_238' title='bbox 711 2265 799 2304; x_wconf 87' lang='lat' dir='ltr'><strong>manu</strong></span> <span class='ocrx_word' id='word_1_239' title='bbox 824 2265 910 2326; x_wconf 84' lang='lat' dir='ltr'><strong>quarn</strong></span> <span class='ocrx_word' id='word_1_240' title='bbox 934 2245 987 2306; x_wconf 90' lang='lat' dir='ltr'><strong>sibi</strong></span> <span class='ocrx_word' id='word_1_241' title='bbox 1006 2245 1206 2306; x_wconf 85' lang='lat' dir='ltr'><strong>conciliaverat</strong></span> <span class='ocrx_word' id='word_1_242' title='bbox 1226 2245 1331 2324; x_wconf 78' lang='lat' dir='ltr'><strong>Dauid,</strong></span> 
     </span>
    </p>
   </div>
   <div class='ocr_carea' id='block_1_10' title="bbox 133 2323 1423 2426">
    <p class='ocr_par' dir='ltr' id='par_1_10' title="bbox 133 2323 1423 2426">
     <span class='ocr_line' id='line_1_27' title="bbox 133 2323 1423 2426; baseline -0.004 -35"><span class='ocrx_word' id='word_1_243' title='bbox 133 2343 136 2348; x_wconf 81' lang='grc'>’</span> <span class='ocrx_word' id='word_1_244' title='bbox 200 2327 392 2390; x_wconf 88' lang='lat' dir='ltr'><strong>mihividelur</strong></span> <span class='ocrx_word' id='word_1_245' title='bbox 410 2327 494 2388; x_wconf 86' lang='lat' dir='ltr'><strong>armis</strong></span> <span class='ocrx_word' id='word_1_246' title='bbox 514 2325 775 2406; x_wconf 66' lang='lat' dir='ltr'><strong>dilutum.&#39;¹l¹rigide</strong></span> <span class='ocrx_word' id='word_1_247' title='bbox 794 2329 869 2386; x_wconf 89' lang='lat' dir='ltr'><strong>enim</strong></span> <span class='ocrx_word' id='word_1_248' title='bbox 880 2323 976 2387; x_wconf 88' lang='lat' dir='ltr'><strong>Deum</strong></span> <span class='ocrx_word' id='word_1_249' title='bbox 995 2333 1157 2386; x_wconf 88' lang='lat' dir='ltr'><strong>numeraret</strong></span> <span class='ocrx_word' id='word_1_250' title='bbox 1172 2326 1247 2389; x_wconf 87' lang='lat' dir='ltr'><strong>inter</strong></span> <span class='ocrx_word' id='word_1_251' title='bbox 1265 2347 1330 2390; x_wconf 89' lang='lat' dir='ltr'><strong>sex·</strong></span> <span class='ocrx_word' id='word_1_252' title='bbox 1422 2397 1423 2426; x_wconf 69' lang='lat'><strong>,</strong></span> 
     </span>
    </p>
   </div>
   <div class='ocr_carea' id='block_1_11' title="bbox 200 2397 1330 2546">
    <p class='ocr_par' dir='ltr' id='par_1_11' title="bbox 200 2397 1330 2546">
     <span class='ocr_line' id='line_1_28' title="bbox 200 2397 1330 2546; baseline -0.002 -76"><span class='ocrx_word' id='word_1_253' title='bbox 200 2397 298 2470; x_wconf 72' lang='lat' dir='ltr'><strong>¹centos</strong></span> <span class='ocrx_word' id='word_1_254' title='bbox 317 2408 381 2468; x_wconf 90' lang='lat' dir='ltr'><strong>illos</strong></span> <span class='ocrx_word' id='word_1_255' title='bbox 400 2427 474 2486; x_wconf 87' lang='lat' dir='ltr'><strong>qnos</strong></span> <span class='ocrx_word' id='word_1_256' title='bbox 493 2425 591 2466; x_wconf 88' lang='lat' dir='ltr'><strong>seeum</strong></span> <span class='ocrx_word' id='word_1_257' title='bbox 611 2403 740 2478; x_wconf 80' lang='lat' dir='ltr'><strong>ducebat,</strong></span> <span class='ocrx_word' id='word_1_258' title='bbox 759 2407 840 2484; x_wconf 87' lang='lat' dir='ltr'><strong>quasi</strong></span> <span class='ocrx_word' id='word_1_259' title='bbox 859 2425 933 2466; x_wconf 89' lang='lat' dir='ltr'><strong>unus</strong></span> <span class='ocrx_word' id='word_1_260' title='bbox 953 2414 1026 2467; x_wconf 88' lang='lat' dir='ltr'><strong>esset</strong></span> <span class='ocrx_word' id='word_1_261' title='bbox 1045 2425 1082 2466; x_wconf 88' lang='lat' dir='ltr'><strong>ex</strong></span> <span class='ocrx_word' id='word_1_262' title='bbox 1101 2426 1194 2546; x_wconf 73' lang='lat' dir='ltr'><strong>gregp.</strong></span> <span class='ocrx_word' id='word_1_263' title='bbox 1214 2404 1330 2488; x_wconf 88' lang='lat' dir='ltr'><strong>Simpli-</strong></span> 
     </span>
    </p>
   </div>
   <div class='ocr_carea' id='block_1_12' title="bbox 105 2483 1331 2570">
    <p class='ocr_par' dir='ltr' id='par_1_12' title="bbox 105 2483 1331 2570">
     <span class='ocr_line' id='line_1_29' title="bbox 105 2483 1331 2570; baseline 0 -22"><span class='ocrx_word' id='word_1_264' title='bbox 105 2529 107 2534; x_wconf 83' lang='lat'><em>.</em></span> <span class='ocrx_word' id='word_1_265' title='bbox 200 2490 261 2549; x_wconf 87' lang='lat' dir='ltr'><strong>eius</strong></span> <span class='ocrx_word' id='word_1_266' title='bbox 286 2507 354 2570; x_wconf 90' lang='lat' dir='ltr'><strong>ergo</strong></span> <span class='ocrx_word' id='word_1_267' title='bbox 378 2488 560 2566; x_wconf 81' lang='lat' dir='ltr'><strong>interpretor,</strong></span> <span class='ocrx_word' id='word_1_268' title='bbox 590 2487 687 2546; x_wconf 80' lang='lat' dir='ltr'><strong>vocari</strong></span> <span class='ocrx_word' id='word_1_269' title='bbox 706 2483 802 2546; x_wconf 90' lang='lat' dir='ltr'><strong>Deum</strong></span> <span class='ocrx_word' id='word_1_270' title='bbox 827 2485 1036 2562; x_wconf 77' lang='lat' dir='ltr'><strong>auxiliatorem,</strong></span> <span class='ocrx_word' id='word_1_271' title='bbox 1066 2489 1125 2546; x_wconf 86' lang='lat' dir='ltr'><strong>nesi</strong></span> <span class='ocrx_word' id='word_1_272' title='bbox 1170 2488 1255 2550; x_wconf 88' lang='lat' dir='ltr'><strong>&#39;eeret</strong></span> <span class='ocrx_word' id='word_1_273' title='bbox 1277 2487 1331 2548; x_wconf 86' lang='lat' dir='ltr'><strong>sibi</strong></span> 
     </span>
    </p>
   </div>
   <div class='ocr_carea' id='block_1_13' title="bbox 199 2563 1332 2728">
    <p class='ocr_par' dir='ltr' id='par_1_13' title="bbox 199 2563 1332 2728">
     <span class='ocr_line' id='line_1_30' title="bbox 199 2563 1330 2704; baseline -0.001 -76"><span class='ocrx_word' id='word_1_274' title='bbox 199 2567 341 2638; x_wconf 82' lang='lat' dir='ltr'><strong>sulficere,</strong></span> <span class='ocrx_word' id='word_1_275' title='bbox 359 2565 446 2627; x_wconf 93' lang='lat' dir='ltr'><strong>modo</strong></span> <span class='ocrx_word' id='word_1_276' title='bbox 465 2565 546 2627; x_wconf 91' lang='lat' dir='ltr'><strong>illum</strong></span> <span class='ocrx_word' id='word_1_277' title='bbox 566 2563 668 2626; x_wconf 91' lang='lat' dir='ltr'><strong>babeat</strong></span> <span class='ocrx_word' id='word_1_278' title='bbox 687 2583 703 2624; x_wconf 90' lang='lat' dir='ltr'><strong>a</strong></span> <span class='ocrx_word' id='word_1_279' title='bbox 710 2572 804 2704; x_wconf 79' lang='lat' dir='ltr'><strong>1parte</strong></span> <span class='ocrx_word' id='word_1_280' title='bbox 819 2584 868 2628; x_wconf 85' lang='lat' dir='ltr'><strong>suo</strong></span> <span class='ocrx_word' id='word_1_281' title='bbox 884 2572 1014 2628; x_wconf 88' lang='lat' dir='ltr'><strong>stantem.</strong></span> <span class='ocrx_word' id='word_1_282' title='bbox 1033 2563 1174 2644; x_wconf 84' lang='lat' dir='ltr'><strong>Quamvis</strong></span> <span class='ocrx_word' id='word_1_283' title='bbox 1190 2568 1267 2626; x_wconf 85' lang='lat' dir='ltr'><strong>enim</strong></span> <span class='ocrx_word' id='word_1_284' title='bbox 1282 2567 1330 2628; x_wconf 88' lang='lat' dir='ltr'><strong>de-</strong></span> 
     </span>
     <span class='ocr_line' id='line_1_31' title="bbox 740 2643 1332 2728; baseline 0.005 -23"><span class='ocrx_word' id='word_1_285' title='bbox 740 2664 806 2712; x_wconf 88' lang='lat' dir='ltr'><strong>emn</strong></span> <span class='ocrx_word' id='word_1_286' title='bbox 830 2645 940 2705; x_wconf 87' lang='lat' dir='ltr'><strong>eunetis</strong></span> <span class='ocrx_word' id='word_1_287' title='bbox 958 2643 1087 2706; x_wconf 87' lang='lat' dir='ltr'><strong>hostibus</strong></span> <span class='ocrx_word' id='word_1_288' title='bbox 1107 2666 1253 2728; x_wconf 87' lang='lat' dir='ltr'><strong>opponere</strong></span> <span class='ocrx_word' id='word_1_289' title='bbox 1271 2667 1332 2708; x_wconf 87' lang='lat' dir='ltr'><strong>nou</strong></span> 
     </span>
    </p>
   </div>
   <div class='ocr_carea' id='block_1_14' title="bbox 199 2725 1331 2888">
    <p class='ocr_par' dir='ltr' id='par_1_14' title="bbox 199 2725 1331 2888">
     <span class='ocr_line' id='line_1_32' title="bbox 199 2725 1331 2888; baseline -0.001 -20"><span class='ocrx_word' id='word_1_290' title='bbox 199 2725 319 2868; x_wconf 54' lang='lat' dir='ltr'><strong>dubllgl.</strong></span> <span class='ocrx_word' id='word_1_291' title='bbox 335 2773 449 2865; x_wconf 62' lang='lat' dir='ltr'><strong>Melius</strong></span> <span class='ocrx_word' id='word_1_292' title='bbox 467 2813 509 2866; x_wconf 80' lang='lat' dir='ltr'><strong>est</strong></span> <span class='ocrx_word' id='word_1_293' title='bbox 527 2829 654 2887; x_wconf 79' lang='lat' dir='ltr'><strong>eperure.</strong></span> <span class='ocrx_word' id='word_1_294' title='bbox 683 2803 805 2868; x_wconf 69' lang='lat' dir='ltr'><strong>Videtur</strong></span> <span class='ocrx_word' id='word_1_295' title='bbox 823 2803 894 2866; x_wconf 86' lang='lat' dir='ltr'><strong>nihil</strong></span> <span class='ocrx_word' id='word_1_296' title='bbox 912 2806 967 2866; x_wconf 90' lang='lat' dir='ltr'><strong>uisi</strong></span> <span class='ocrx_word' id='word_1_297' title='bbox 986 2769 1109 2888; x_wconf 81' lang='lat' dir='ltr'><strong>vulgare</strong></span> <span class='ocrx_word' id='word_1_298' title='bbox 1122 2813 1151 2866; x_wconf 90' lang='lat' dir='ltr'><strong>et</strong></span> <span class='ocrx_word' id='word_1_299' title='bbox 1169 2807 1270 2866; x_wconf 79' lang='lat' dir='ltr'><strong>iritum</strong></span> <span class='ocrx_word' id='word_1_300' title='bbox 1289 2806 1331 2867; x_wconf 89' lang='lat' dir='ltr'><strong>di·</strong></span> 
     </span>
    </p>
   </div>
   <div class='ocr_carea' id='block_1_15' title="bbox 142 2869 1351 2960">
    <p class='ocr_par' dir='ltr' id='par_1_15' title="bbox 142 2869 1351 2960">
     <span class='ocr_line' id='line_1_33' title="bbox 142 2869 1351 2960; baseline -0.002 -13"><span class='ocrx_word' id='word_1_301' title='bbox 142 2869 146 2888; x_wconf 77' lang='grc'><em>’</em></span> <span class='ocrx_word' id='word_1_302' title='bbox 200 2905 280 2960; x_wconf 87' lang='lat' dir='ltr'><strong>cere,</strong></span> <span class='ocrx_word' id='word_1_303' title='bbox 309 2883 434 2945; x_wconf 83' lang='lat' dir='ltr'><strong>fatentur</strong></span> <span class='ocrx_word' id='word_1_304' title='bbox 453 2886 528 2945; x_wconf 89' lang='lat' dir='ltr'><strong>enim</strong></span> <span class='ocrx_word' id='word_1_305' title='bbox 547 2906 607 2944; x_wconf 90' lang='lat' dir='ltr'><strong>uno</strong></span> <span class='ocrx_word' id='word_1_306' title='bbox 627 2904 766 2946; x_wconf 82' lang='lat' dir='ltr'><strong>consensu</strong></span> <span class='ocrx_word' id='word_1_307' title='bbox 787 2904 899 2960; x_wconf 88' lang='lat' dir='ltr'><strong>omnes,</strong></span> <span class='ocrx_word' id='word_1_308' title='bbox 929 2885 977 2946; x_wconf 90' lang='lat' dir='ltr'><strong>nbi</strong></span> <span class='ocrx_word' id='word_1_309' title='bbox 1002 2885 1038 2946; x_wconf 92' lang='lat' dir='ltr'><strong>ad</strong></span> <span class='ocrx_word' id='word_1_310' title='bbox 1058 2884 1114 2945; x_wconf 89' lang='lat' dir='ltr'><strong>Dei</strong></span> <span class='ocrx_word' id='word_1_311' title='bbox 1133 2892 1162 2946; x_wconf 89' lang='lat' dir='ltr'><strong>et</strong></span> <span class='ocrx_word' id='word_1_312' title='bbox 1181 2884 1351 2946; x_wconf 83' lang='lat' dir='ltr'><strong>bominum.</strong></span> 
     </span>
    </p>
   </div>
   <div class='ocr_carea' id='block_1_16' title="bbox 200 2964 1331 3046">
    <p class='ocr_par' dir='ltr' id='par_1_16' title="bbox 200 2964 1331 3046">
     <span class='ocr_line' id='line_1_34' title="bbox 200 2964 1331 3046; baseline 0 -20"><span class='ocrx_word' id='word_1_313' title='bbox 200 2965 440 3045; x_wconf 82' lang='lat' dir='ltr'><strong>comparationem</strong></span> <span class='ocrx_word' id='word_1_314' title='bbox 459 2967 586 3038; x_wconf 82' lang='lat' dir='ltr'><strong>venitur,</strong></span> <span class='ocrx_word' id='word_1_315' title='bbox 606 2964 690 3044; x_wconf 88' lang='lat' dir='ltr'><strong>longe</strong></span> <span class='ocrx_word' id='word_1_316' title='bbox 710 2965 800 3046; x_wconf 86' lang='lat' dir='ltr'><strong>pluris</strong></span> <span class='ocrx_word' id='word_1_317' title='bbox 819 2964 899 3024; x_wconf 90' lang='lat' dir='ltr'><strong>illum</strong></span> <span class='ocrx_word' id='word_1_318' title='bbox 919 2985 1008 3026; x_wconf 88' lang='lat' dir='ltr'><strong>unum</strong></span> <span class='ocrx_word' id='word_1_319' title='bbox 1028 2965 1131 3026; x_wconf 88' lang='lat' dir='ltr'><strong>debere</strong></span> <span class='ocrx_word' id='word_1_320' title='bbox 1150 2965 1226 3038; x_wconf 85' lang='lat' dir='ltr'><strong>lieri,</strong></span> <span class='ocrx_word' id='word_1_321' title='bbox 1252 2967 1331 3026; x_wconf 89' lang='lat' dir='ltr'><strong>ideo·</strong></span> 
     </span>
    </p>
   </div>
   <div class='ocr_carea' id='block_1_17' title="bbox 577 2006 1423 2087">
    <p class='ocr_par' dir='ltr' id='par_1_17' title="bbox 577 2006 1423 2087">
     <span class='ocr_line' id='line_1_35' title="bbox 577 2006 1423 2087; baseline 0.007 -23"><span class='ocrx_word' id='word_1_322' title='bbox 577 2007 716 2067; x_wconf 87' lang='lat' dir='ltr'><strong>iserimiua</strong></span> <span class='ocrx_word' id='word_1_323' title='bbox 736 2007 788 2066; x_wconf 89' lang='lat' dir='ltr'><strong>sibi</strong></span> <span class='ocrx_word' id='word_1_324' title='bbox 808 2006 1003 2066; x_wconf 77' lang='lat' dir='ltr'><strong>meditationes</strong></span> <span class='ocrx_word' id='word_1_325' title='bbox 1028 2008 1178 2087; x_wconf 75' lang='lat' dir='ltr'><strong>suggessit:</strong></span> <span class='ocrx_word' id='word_1_326' title='bbox 1209 2007 1332 2068; x_wconf 81' lang='lat' dir='ltr'><strong>alterum</strong></span> <span class='ocrx_word' id='word_1_327' title='bbox 1422 2053 1423 2070; x_wconf 45' lang='lat' dir='ltr'><strong>t</strong></span> 
     </span>
    </p>
   </div>
   <div class='ocr_carea' id='block_1_18' title="bbox 198 3042 1423 3364">
    <p class='ocr_par' dir='ltr' id='par_1_18' title="bbox 198 3042 1423 3364">
     <span class='ocr_line' id='line_1_36' title="bbox 199 3042 1423 3126; baseline 0.002 -22"><span class='ocrx_word' id='word_1_328' title='bbox 199 3063 257 3125; x_wconf 88' lang='lat' dir='ltr'><strong>que</strong></span> <span class='ocrx_word' id='word_1_329' title='bbox 280 3043 351 3103; x_wconf 77' lang='lat' dir='ltr'><strong>nillil</strong></span> <span class='ocrx_word' id='word_1_330' title='bbox 373 3060 437 3103; x_wconf 84' lang='lat' dir='ltr'><strong>esse</strong></span> <span class='ocrx_word' id='word_1_331' title='bbox 461 3043 561 3104; x_wconf 87' lang='lat' dir='ltr'><strong>melius</strong></span> <span class='ocrx_word' id='word_1_332' title='bbox 587 3061 673 3122; x_wconf 87' lang='lat' dir='ltr'><strong>quam</strong></span> <span class='ocrx_word' id='word_1_333' title='bbox 698 3042 915 3106; x_wconf 79' lang='lat' dir='ltr'><strong>recumberein</strong></span> <span class='ocrx_word' id='word_1_334' title='bbox 941 3065 1022 3126; x_wconf 88' lang='lat' dir='ltr'><strong>spem</strong></span> <span class='ocrx_word' id='word_1_335' title='bbox 1045 3043 1143 3106; x_wconf 82' lang='lat' dir='ltr'><strong>auxilii</strong></span> <span class='ocrx_word' id='word_1_336' title='bbox 1165 3044 1247 3125; x_wconf 86' lang='lat' dir='ltr'><strong>qnod</strong></span> <span class='ocrx_word' id='word_1_337' title='bbox 1269 3047 1332 3106; x_wconf 83' lang='lat' dir='ltr'><strong>auis</strong></span> <span class='ocrx_word' id='word_1_338' title='bbox 1422 3047 1423 3068; x_wconf 67' lang='lat'>¹</span> 
     </span>
     <span class='ocr_line' id='line_1_37' title="bbox 198 3119 1423 3206; baseline 0.003 -24"><span class='ocrx_word' id='word_1_339' title='bbox 198 3125 346 3206; x_wconf 88' lang='lat' dir='ltr'><strong>promittit.</strong></span> <span class='ocrx_word' id='word_1_340' title='bbox 366 3119 404 3182; x_wconf 86' lang='lat' dir='ltr'><strong>Et</strong></span> <span class='ocrx_word' id='word_1_341' title='bbox 423 3123 539 3204; x_wconf 89' lang='lat' dir='ltr'><strong>quidem</strong></span> <span class='ocrx_word' id='word_1_342' title='bbox 558 3122 629 3184; x_wconf 85' lang='lat' dir='ltr'><strong>haee</strong></span> <span class='ocrx_word' id='word_1_343' title='bbox 647 3124 787 3186; x_wconf 75' lang='lat' dir='ltr'><strong>consessio</strong></span> <span class='ocrx_word' id='word_1_344' title='bbox 805 3131 920 3188; x_wconf 69' lang='lat' dir='ltr'><strong>monet</strong></span> <span class='ocrx_word' id='word_1_345' title='bbox 937 3125 967 3185; x_wconf 91' lang='lat' dir='ltr'><strong>in</strong></span> <span class='ocrx_word' id='word_1_346' title='bbox 987 3126 1115 3186; x_wconf 90' lang='lat' dir='ltr'><strong>omnium</strong></span> <span class='ocrx_word' id='word_1_347' title='bbox 1134 3144 1193 3185; x_wconf 86' lang='lat' dir='ltr'><strong>ore.</strong></span> <span class='ocrx_word' id='word_1_348' title='bbox 1218 3125 1332 3186; x_wconf 76' lang='lat' dir='ltr'><strong>luteres</strong></span> <span class='ocrx_word' id='word_1_349' title='bbox 1422 3129 1423 3158; x_wconf 72' lang='lat'>³</span> 
     </span>
     <span class='ocr_line' id='line_1_38' title="bbox 198 3191 1423 3286; baseline 0.001 -23"><span class='ocrx_word' id='word_1_350' title='bbox 198 3205 251 3264; x_wconf 80' lang='lat' dir='ltr'><strong>vix</strong></span> <span class='ocrx_word' id='word_1_351' title='bbox 279 3203 446 3262; x_wconf 85' lang='lat' dir='ltr'><strong>eentesimus</strong></span> <span class='ocrx_word' id='word_1_352' title='bbox 476 3203 597 3283; x_wconf 86' lang='lat' dir='ltr'><strong>quisque</strong></span> <span class='ocrx_word' id='word_1_353' title='bbox 622 3202 717 3264; x_wconf 90' lang='lat' dir='ltr'><strong>Deum</strong></span> <span class='ocrx_word' id='word_1_354' title='bbox 746 3223 836 3264; x_wconf 89' lang='lat' dir='ltr'><strong>unum</strong></span> <span class='ocrx_word' id='word_1_355' title='bbox 861 3205 913 3264; x_wconf 91' lang='lat' dir='ltr'><strong>sibi</strong></span> <span class='ocrx_word' id='word_1_356' title='bbox 938 3204 1068 3282; x_wconf 75' lang='lat' dir='ltr'><strong>sufficere</strong></span> <span class='ocrx_word' id='word_1_357' title='bbox 1093 3223 1244 3286; x_wconf 78' lang='lat' dir='ltr'><strong>persuasus</strong></span> <span class='ocrx_word' id='word_1_358' title='bbox 1274 3213 1330 3268; x_wconf 84' lang='lat' dir='ltr'><strong>est.</strong></span> <span class='ocrx_word' id='word_1_359' title='bbox 1422 3191 1423 3248; x_wconf 60' lang='grc' dir='ltr'>Ῑ</span> 
     </span>
     <span class='ocr_line' id='line_1_39' title="bbox 200 3279 1423 3364; baseline 0.007 -23"><span class='ocrx_word' id='word_1_360' title='bbox 200 3279 307 3360; x_wconf 67' lang='lat' dir='ltr'><strong>Quare*</strong></span> <span class='ocrx_word' id='word_1_361' title='bbox 319 3281 442 3342; x_wconf 88' lang='lat' dir='ltr'><strong>multum</strong></span> <span class='ocrx_word' id='word_1_362' title='bbox 462 3283 583 3364; x_wconf 85' lang='lat' dir='ltr'><strong>proiecit</strong></span> <span class='ocrx_word' id='word_1_363' title='bbox 603 3285 653 3363; x_wconf 88' lang='lat' dir='ltr'><strong>qni</strong></span> <span class='ocrx_word' id='word_1_364' title='bbox 673 3303 732 3344; x_wconf 89' lang='lat' dir='ltr'><strong>nno</strong></span> <span class='ocrx_word' id='word_1_365' title='bbox 748 3282 813 3344; x_wconf 89' lang='lat' dir='ltr'><strong>Deo</strong></span> <span class='ocrx_word' id='word_1_366' title='bbox 833 3289 993 3357; x_wconf 81' lang='lat' dir='ltr'><strong>contentus,</strong></span> <span class='ocrx_word' id='word_1_367' title='bbox 1011 3286 1121 3345; x_wconf 88' lang='lat' dir='ltr'><strong>etiamsi</strong></span> <span class='ocrx_word' id='word_1_368' title='bbox 1139 3285 1211 3344; x_wconf 87' lang='lat' dir='ltr'><strong>nibil</strong></span> <span class='ocrx_word' id='word_1_369' title='bbox 1228 3285 1331 3346; x_wconf 69' lang='lat' dir='ltr'><strong>auxilii</strong></span> <span class='ocrx_word' id='word_1_370' title='bbox 1422 3289 1423 3350; x_wconf 66' lang='lat' dir='ltr'><strong>t</strong></span> 
     </span>
    </p>
   </div>
   <div class='ocr_carea' id='block_1_19' title="bbox 159 3361 1332 3446">
    <p class='ocr_par' dir='ltr' id='par_1_19' title="bbox 159 3361 1332 3446">
     <span class='ocr_line' id='line_1_40' title="bbox 159 3361 1332 3446; baseline 0.002 -25"><span class='ocrx_word' id='word_1_371' title='bbox 159 3383 163 3398; x_wconf 67' lang='lat'><strong>¹</strong></span> <span class='ocrx_word' id='word_1_372' title='bbox 199 3365 322 3442; x_wconf 89' lang='lat' dir='ltr'><strong>reperiat</strong></span> <span class='ocrx_word' id='word_1_373' title='bbox 341 3363 371 3421; x_wconf 94' lang='lat' dir='ltr'><strong>in</strong></span> <span class='ocrx_word' id='word_1_374' title='bbox 391 3369 475 3440; x_wconf 87' lang='lat' dir='ltr'><strong>terra,</strong></span> <span class='ocrx_word' id='word_1_375' title='bbox 495 3361 566 3422; x_wconf 88' lang='lat' dir='ltr'><strong>bene</strong></span> <span class='ocrx_word' id='word_1_376' title='bbox 586 3367 679 3425; x_wconf 89' lang='lat' dir='ltr'><strong>tamen</strong></span> <span class='ocrx_word' id='word_1_377' title='bbox 699 3383 812 3446; x_wconf 84' lang='lat' dir='ltr'><strong>sperare</strong></span> <span class='ocrx_word' id='word_1_378' title='bbox 831 3384 889 3424; x_wconf 91' lang='lat' dir='ltr'><strong>nou</strong></span> <span class='ocrx_word' id='word_1_379' title='bbox 909 3365 1019 3426; x_wconf 86' lang='lat' dir='ltr'><strong>desinit.</strong></span> <span class='ocrx_word' id='word_1_380' title='bbox 1040 3363 1090 3425; x_wconf 87' lang='lat' dir='ltr'><strong>Est</strong></span> <span class='ocrx_word' id='word_1_381' title='bbox 1108 3371 1204 3430; x_wconf 80' lang='lat' dir='ltr'><strong>aulem</strong></span> <span class='ocrx_word' id='word_1_382' title='bbox 1222 3367 1332 3444; x_wconf 88' lang='lat' dir='ltr'><strong>impro-</strong></span> 
     </span>
    </p>
   </div>
   <div class='ocr_carea' id='block_1_20' title="bbox 198 3443 1423 3524">
    <p class='ocr_par' dir='ltr' id='par_1_20' title="bbox 198 3443 1423 3524">
     <span class='ocr_line' id='line_1_41' title="bbox 198 3443 1423 3524; baseline 0.001 -23"><span class='ocrx_word' id='word_1_383' title='bbox 198 3445 261 3522; x_wconf 86' lang='lat' dir='ltr'><strong>pria</strong></span> <span class='ocrx_word' id='word_1_384' title='bbox 281 3444 471 3522; x_wconf 81' lang='lat' dir='ltr'><strong>comparatio,</strong></span> <span class='ocrx_word' id='word_1_385' title='bbox 497 3443 565 3522; x_wconf 86' lang='lat' dir='ltr'><strong>quia</strong></span> <span class='ocrx_word' id='word_1_386' title='bbox 584 3445 612 3502; x_wconf 88' lang='lat' dir='ltr'><strong>in</strong></span> <span class='ocrx_word' id='word_1_387' title='bbox 632 3449 724 3504; x_wconf 89' lang='lat' dir='ltr'><strong>totum</strong></span> <span class='ocrx_word' id='word_1_388' title='bbox 744 3444 823 3506; x_wconf 85' lang='lat' dir='ltr'><strong>netas</strong></span> <span class='ocrx_word' id='word_1_389' title='bbox 843 3451 886 3509; x_wconf 83' lang='lat' dir='ltr'><strong>est</strong></span> <span class='ocrx_word' id='word_1_390' title='bbox 905 3444 952 3504; x_wconf 82' lang='lat' dir='ltr'><strong>vel</strong></span> <span class='ocrx_word' id='word_1_391' title='bbox 970 3447 1119 3504; x_wconf 83' lang='lat' dir='ltr'><strong>minimam</strong></span> <span class='ocrx_word' id='word_1_392' title='bbox 1135 3445 1195 3524; x_wconf 88' lang='lat' dir='ltr'><strong>spei</strong></span> <span class='ocrx_word' id='word_1_393' title='bbox 1214 3451 1332 3504; x_wconf 69' lang='lat' dir='ltr'><strong>norbae</strong></span> <span class='ocrx_word' id='word_1_394' title='bbox 1422 3515 1423 3522; x_wconf 8' lang='grc' dir='ltr'>ἵ</span> 
     </span>
    </p>
   </div>
   <div class='ocr_carea' id='block_1_21' title="bbox 198 3520 1332 3684">
    <p class='ocr_par' dir='ltr' id='par_1_21' title="bbox 198 3520 1332 3684">
     <span class='ocr_line' id='line_1_42' title="bbox 198 3520 1332 3603; baseline 0.002 -21"><span class='ocrx_word' id='word_1_395' title='bbox 198 3527 324 3603; x_wconf 85' lang='lat' dir='ltr'><strong>partem,</strong></span> <span class='ocrx_word' id='word_1_396' title='bbox 354 3541 428 3600; x_wconf 87' lang='lat' dir='ltr'><strong>quae</strong></span> <span class='ocrx_word' id='word_1_397' title='bbox 452 3529 513 3582; x_wconf 87' lang='lat' dir='ltr'><strong>tota</strong></span> <span class='ocrx_word' id='word_1_398' title='bbox 537 3524 567 3582; x_wconf 89' lang='lat' dir='ltr'><strong>in</strong></span> <span class='ocrx_word' id='word_1_399' title='bbox 587 3520 652 3584; x_wconf 88' lang='lat' dir='ltr'><strong>Deo</strong></span> <span class='ocrx_word' id='word_1_400' title='bbox 676 3525 735 3584; x_wconf 85' lang='lat' dir='ltr'><strong>lixa</strong></span> <span class='ocrx_word' id='word_1_401' title='bbox 755 3543 818 3584; x_wconf 87' lang='lat' dir='ltr'><strong>esse</strong></span> <span class='ocrx_word' id='word_1_402' title='bbox 838 3523 935 3598; x_wconf 89' lang='lat' dir='ltr'><strong>debet,</strong></span> <span class='ocrx_word' id='word_1_403' title='bbox 964 3526 1170 3586; x_wconf 75' lang='lat' dir='ltr'><strong>tmuslerre&#39;ad</strong></span> <span class='ocrx_word' id='word_1_404' title='bbox 1190 3521 1332 3596; x_wconf 84' lang='lat' dir='ltr'><strong>bomiaes,</strong></span> 
     </span>
     <span class='ocr_line' id='line_1_43' title="bbox 198 3603 1331 3684; baseline 0.001 -23"><span class='ocrx_word' id='word_1_405' title='bbox 198 3619 299 3661; x_wconf 77' lang='lat' dir='ltr'><strong>senem</strong></span> <span class='ocrx_word' id='word_1_406' title='bbox 318 3608 412 3660; x_wconf 88' lang='lat' dir='ltr'><strong>tamen</strong></span> <span class='ocrx_word' id='word_1_407' title='bbox 432 3604 548 3662; x_wconf 88' lang='lat' dir='ltr'><strong>minime</strong></span> <span class='ocrx_word' id='word_1_408' title='bbox 568 3609 612 3662; x_wconf 86' lang='lat' dir='ltr'><strong>est</strong></span> <span class='ocrx_word' id='word_1_409' title='bbox 631 3603 788 3684; x_wconf 85' lang='lat' dir='ltr'><strong>ambiguus,</strong></span> <span class='ocrx_word' id='word_1_410' title='bbox 807 3604 893 3664; x_wconf 86' lang='lat' dir='ltr'><strong>rideri</strong></span> <span class='ocrx_word' id='word_1_411' title='bbox 908 3623 995 3665; x_wconf 84' lang='lat' dir='ltr'><strong>vanas</strong></span> <span class='ocrx_word' id='word_1_412' title='bbox 1010 3622 1074 3684; x_wconf 84' lang='lat' dir='ltr'><strong>spes</strong></span> <span class='ocrx_word' id='word_1_413' title='bbox 1089 3603 1246 3676; x_wconf 87' lang='lat' dir='ltr'><strong>bominum,</strong></span> <span class='ocrx_word' id='word_1_414' title='bbox 1266 3605 1331 3683; x_wconf 84' lang='lat' dir='ltr'><strong>qui·</strong></span> 
     </span>
    </p>
   </div>
   <div class='ocr_carea' id='block_1_22' title="bbox 197 3677 1423 3764">
    <p class='ocr_par' dir='ltr' id='par_1_22' title="bbox 197 3677 1423 3764">
     <span class='ocr_line' id='line_1_44' title="bbox 197 3677 1423 3764; baseline 0.004 -24"><span class='ocrx_word' id='word_1_415' title='bbox 197 3679 252 3740; x_wconf 90' lang='lat' dir='ltr'><strong>bus</strong></span> <span class='ocrx_word' id='word_1_416' title='bbox 272 3681 332 3742; x_wconf 80' lang='lat' dir='ltr'><strong>bue,</strong></span> <span class='ocrx_word' id='word_1_417' title='bbox 349 3687 378 3738; x_wconf 88' lang='lat' dir='ltr'><strong>et</strong></span> <span class='ocrx_word' id='word_1_418' title='bbox 396 3681 465 3740; x_wconf 88' lang='lat' dir='ltr'><strong>illue</strong></span> <span class='ocrx_word' id='word_1_419' title='bbox 484 3689 644 3761; x_wconf 86' lang='lat' dir='ltr'><strong>raptantur:</strong></span> <span class='ocrx_word' id='word_1_420' title='bbox 674 3691 703 3743; x_wconf 88' lang='lat' dir='ltr'><strong>et</strong></span> <span class='ocrx_word' id='word_1_421' title='bbox 722 3684 791 3744; x_wconf 89' lang='lat' dir='ltr'><strong>dnm</strong></span> <span class='ocrx_word' id='word_1_422' title='bbox 811 3684 865 3743; x_wconf 87' lang='lat' dir='ltr'><strong>illis</strong></span> <span class='ocrx_word' id='word_1_423' title='bbox 885 3685 1008 3744; x_wconf 87' lang='lat' dir='ltr'><strong>mundus</strong></span> <span class='ocrx_word' id='word_1_424' title='bbox 1026 3683 1146 3759; x_wconf 80' lang='lat' dir='ltr'><strong>arridet,</strong></span> <span class='ocrx_word' id='word_1_425' title='bbox 1160 3677 1164 3686; x_wconf 85' lang='grc'><strong>’</strong></span> <span class='ocrx_word' id='word_1_426' title='bbox 1176 3686 1332 3764; x_wconf 85' lang='lat' dir='ltr'><strong>praeterito</strong></span> <span class='ocrx_word' id='word_1_427' title='bbox 1422 3693 1423 3718; x_wconf 64' lang='lat'>¹</span> 
     </span>
    </p>
   </div>
   <div class='ocr_carea' id='block_1_23' title="bbox 102 3755 1333 3923">
    <p class='ocr_par' dir='ltr' id='par_1_23' title="bbox 102 3755 1333 3923">
     <span class='ocr_line' id='line_1_45' title="bbox 102 3755 1333 3842; baseline 0.003 -24"><span class='ocrx_word' id='word_1_428' title='bbox 102 3811 105 3830; x_wconf 86' lang='grc'><em>,</em></span> <span class='ocrx_word' id='word_1_429' title='bbox 198 3761 245 3820; x_wconf 87' lang='lat' dir='ltr'><strong>vel</strong></span> <span class='ocrx_word' id='word_1_430' title='bbox 265 3755 445 3840; x_wconf 83' lang='lat' dir='ltr'><strong>spreloDea,</strong></span> <span class='ocrx_word' id='word_1_431' title='bbox 465 3763 563 3820; x_wconf 84' lang='lat' dir='ltr'><strong>oristas</strong></span> <span class='ocrx_word' id='word_1_432' title='bbox 582 3763 703 3842; x_wconf 85' lang='lat' dir='ltr'><strong>erigunt.</strong></span> <span class='ocrx_word' id='word_1_433' title='bbox 723 3761 831 3822; x_wconf 85' lang='lat' dir='ltr'><strong>Putant</strong></span> <span class='ocrx_word' id='word_1_434' title='bbox 849 3764 977 3824; x_wconf 90' lang='lat' dir='ltr'><strong>nonnulli</strong></span> <span class='ocrx_word' id='word_1_435' title='bbox 992 3761 1133 3823; x_wconf 86' lang='lat' dir='ltr'><strong>Davidem</strong></span> <span class='ocrx_word' id='word_1_436' title='bbox 1153 3763 1251 3822; x_wconf 82' lang='lat' dir='ltr'><strong>odiose</strong></span> <span class='ocrx_word' id='word_1_437' title='bbox 1270 3765 1333 3822; x_wconf 85' lang='lat' dir='ltr'><strong>suis</strong></span> 
     </span>
     <span class='ocr_line' id='line_1_46' title="bbox 109 3839 1331 3923; baseline 0.002 -24"><span class='ocrx_word' id='word_1_438' title='bbox 109 3839 113 3845; x_wconf 84' lang='grc'>’</span> <span class='ocrx_word' id='word_1_439' title='bbox 197 3839 327 3900; x_wconf 83' lang='lat' dir='ltr'><strong>hostibus</strong></span> <span class='ocrx_word' id='word_1_440' title='bbox 357 3839 478 3899; x_wconf 86' lang='lat' dir='ltr'><strong>obiicere</strong></span> <span class='ocrx_word' id='word_1_441' title='bbox 507 3841 585 3919; x_wconf 84' lang='lat' dir='ltr'><strong>quod</strong></span> <span class='ocrx_word' id='word_1_442' title='bbox 611 3860 629 3901; x_wconf 85' lang='lat' dir='ltr'><strong>a</strong></span> <span class='ocrx_word' id='word_1_443' title='bbox 652 3841 870 3904; x_wconf 67' lang='lat' dir='ltr'><strong>Saulis‘iavore</strong></span> <span class='ocrx_word' id='word_1_444' title='bbox 893 3843 1048 3923; x_wconf 83' lang='lat' dir='ltr'><strong>pendentes</strong></span> <span class='ocrx_word' id='word_1_445' title='bbox 1073 3842 1182 3922; x_wconf 86' lang='lat' dir='ltr'><strong>deeepti</strong></span> <span class='ocrx_word' id='word_1_446' title='bbox 1212 3842 1331 3906; x_wconf 79' lang='lat' dir='ltr'><strong>luerint.</strong></span> 
     </span>
    </p>
   </div>
   <div class='ocr_carea' id='block_1_24' title="bbox 197 3918 1333 4002">
    <p class='ocr_par' dir='ltr' id='par_1_24' title="bbox 197 3918 1333 4002">
     <span class='ocr_line' id='line_1_47' title="bbox 197 3918 1333 4002; baseline 0.004 -25"><span class='ocrx_word' id='word_1_447' title='bbox 197 3918 255 3978; x_wconf 84' lang='lat' dir='ltr'><strong>Sed</strong></span> <span class='ocrx_word' id='word_1_448' title='bbox 276 3919 332 3978; x_wconf 87' lang='lat' dir='ltr'><strong>boe</strong></span> <span class='ocrx_word' id='word_1_449' title='bbox 352 3919 421 3978; x_wconf 89' lang='lat' dir='ltr'><strong>mibi</strong></span> <span class='ocrx_word' id='word_1_450' title='bbox 440 3919 552 3980; x_wconf 86' lang='lat' dir='ltr'><strong>videtur</strong></span> <span class='ocrx_word' id='word_1_451' title='bbox 572 3922 655 3982; x_wconf 87' lang='lat' dir='ltr'><strong>nimis</strong></span> <span class='ocrx_word' id='word_1_452' title='bbox 675 3923 848 3983; x_wconf 75' lang='lat' dir='ltr'><strong>restrictum:</strong></span> <span class='ocrx_word' id='word_1_453' title='bbox 878 3941 932 3982; x_wconf 87' lang='lat' dir='ltr'><strong>aee</strong></span> <span class='ocrx_word' id='word_1_454' title='bbox 955 3923 1054 3984; x_wconf 86' lang='lat' dir='ltr'><strong>dubito</strong></span> <span class='ocrx_word' id='word_1_455' title='bbox 1074 3923 1143 4002; x_wconf 85' lang='lat' dir='ltr'><strong>quin</strong></span> <span class='ocrx_word' id='word_1_456' title='bbox 1164 3919 1261 3982; x_wconf 84' lang='lat' dir='ltr'><strong>David</strong></span> <span class='ocrx_word' id='word_1_457' title='bbox 1279 3941 1333 3981; x_wconf 86' lang='lat' dir='ltr'><strong>ex·</strong></span> 
     </span>
    </p>
   </div>
   <div class='ocr_carea' id='block_1_25' title="bbox 21 3997 1334 4091">
    <p class='ocr_par' dir='ltr' id='par_1_25' title="bbox 21 3997 1334 4091">
     <span class='ocr_line' id='line_1_48' title="bbox 21 3997 1334 4091; baseline 0.003 -33"><span class='ocrx_word' id='word_1_458' title='bbox 21 4022 23 4049; x_wconf 72' lang='grc' dir='ltr'><strong>ε</strong></span> <span class='ocrx_word' id='word_1_459' title='bbox 62 4045 66 4061; x_wconf 91' lang='grc'><strong><em>.</em></strong></span> <span class='ocrx_word' id='word_1_460' title='bbox 191 3999 325 4078; x_wconf 73' lang='lat' dir='ltr'><strong>,emplum</strong></span> <span class='ocrx_word' id='word_1_461' title='bbox 344 4017 375 4091; x_wconf 71' lang='lat' dir='ltr'><strong>se</strong></span> <span class='ocrx_word' id='word_1_462' title='bbox 394 3997 447 4078; x_wconf 89' lang='lat' dir='ltr'><strong>piis</strong></span> <span class='ocrx_word' id='word_1_463' title='bbox 467 3999 598 4062; x_wconf 82' lang='lat' dir='ltr'><strong>omnibus</strong></span> <span class='ocrx_word' id='word_1_464' title='bbox 617 3999 772 4081; x_wconf 82' lang='lat' dir='ltr'><strong>proponat:</strong></span> <span class='ocrx_word' id='word_1_465' title='bbox 793 4003 858 4080; x_wconf 85' lang='lat' dir='ltr'><strong>quia</strong></span> <span class='ocrx_word' id='word_1_466' title='bbox 878 4003 1001 4082; x_wconf 86' lang='lat' dir='ltr'><strong>amplam</strong></span> <span class='ocrx_word' id='word_1_467' title='bbox 1021 4001 1179 4064; x_wconf 78' lang='lat' dir='ltr'><strong>mercedem</strong></span> <span class='ocrx_word' id='word_1_468' title='bbox 1193 4002 1334 4062; x_wconf 77' lang='lat' dir='ltr'><strong>retulerat</strong></span> 
     </span>
    </p>
   </div>
   <div class='ocr_carea' id='block_1_26' title="bbox 197 4077 1423 4183">
    <p class='ocr_par' dir='ltr' id='par_1_26' title="bbox 197 4077 1423 4183">
     <span class='ocr_line' id='line_1_49' title="bbox 197 4077 1423 4183; baseline 0.003 -47"><span class='ocrx_word' id='word_1_469' title='bbox 197 4079 257 4158; x_wconf 89' lang='lat' dir='ltr'><strong>spei</strong></span> <span class='ocrx_word' id='word_1_470' title='bbox 277 4097 359 4152; x_wconf 87' lang='lat' dir='ltr'><strong>snae,</strong></span> <span class='ocrx_word' id='word_1_471' title='bbox 384 4098 474 4159; x_wconf 89' lang='lat' dir='ltr'><strong>quum</strong></span> <span class='ocrx_word' id='word_1_472' title='bbox 495 4078 548 4140; x_wconf 89' lang='lat' dir='ltr'><strong>soti</strong></span> <span class='ocrx_word' id='word_1_473' title='bbox 567 4077 633 4139; x_wconf 91' lang='lat' dir='ltr'><strong>Deo</strong></span> <span class='ocrx_word' id='word_1_474' title='bbox 652 4083 781 4150; x_wconf 88' lang='lat' dir='ltr'><strong>innixus,</strong></span> <span class='ocrx_word' id='word_1_475' title='bbox 805 4083 944 4161; x_wconf 79' lang='lat' dir='ltr'><strong>patienter</strong></span> <span class='ocrx_word' id='word_1_476' title='bbox 963 4083 1074 4142; x_wconf 87' lang='lat' dir='ltr'><strong>tulisset</strong></span> <span class='ocrx_word' id='word_1_477' title='bbox 1092 4101 1123 4142; x_wconf 87' lang='lat' dir='ltr'><strong>se</strong></span> <span class='ocrx_word' id='word_1_478' title='bbox 1137 4083 1249 4183; x_wconf 77' lang='lat' dir='ltr'><strong>privati</strong></span> <span class='ocrx_word' id='word_1_479' title='bbox 1270 4101 1331 4144; x_wconf 88' lang='lat' dir='ltr'><strong>om·</strong></span> <span class='ocrx_word' id='word_1_480' title='bbox 1422 4121 1423 4170; x_wconf 53' lang='lat' dir='ltr'><strong>p</strong></span> 
     </span>
    </p>
   </div>
   <div class='ocr_carea' id='block_1_27' title="bbox 195 4155 1333 4242">
    <p class='ocr_par' dir='ltr' id='par_1_27' title="bbox 195 4155 1333 4242">
     <span class='ocr_line' id='line_1_50' title="bbox 195 4155 1333 4242; baseline 0.004 -27"><span class='ocrx_word' id='word_1_481' title='bbox 195 4155 279 4216; x_wconf 84' lang='lat' dir='ltr'><strong>nibus</strong></span> <span class='ocrx_word' id='word_1_482' title='bbox 299 4155 429 4218; x_wconf 85' lang='lat' dir='ltr'><strong>humanis</strong></span> <span class='ocrx_word' id='word_1_483' title='bbox 449 4157 587 4218; x_wconf 84' lang='lat' dir='ltr'><strong>subsidiis.</strong></span> <span class='ocrx_word' id='word_1_484' title='bbox 612 4158 645 4218; x_wconf 90' lang='lat' dir='ltr'><strong>ln</strong></span> <span class='ocrx_word' id='word_1_485' title='bbox 664 4160 787 4220; x_wconf 84' lang='lat' dir='ltr'><strong>secunda</strong></span> <span class='ocrx_word' id='word_1_486' title='bbox 807 4169 886 4240; x_wconf 86' lang='lat' dir='ltr'><strong>parte</strong></span> <span class='ocrx_word' id='word_1_487' title='bbox 901 4181 1008 4235; x_wconf 86' lang='lat' dir='ltr'><strong>versus,</strong></span> <span class='ocrx_word' id='word_1_488' title='bbox 1028 4161 1245 4242; x_wconf 79' lang='lat' dir='ltr'><strong>ubiPrmeapes</strong></span> <span class='ocrx_word' id='word_1_489' title='bbox 1265 4161 1333 4221; x_wconf 85' lang='lat' dir='ltr'><strong>loeo</strong></span> 
     </span>
    </p>
   </div>
   <div class='ocr_carea' id='block_1_28' title="bbox 196 4235 1423 4400">
    <p class='ocr_par' dir='ltr' id='par_1_28' title="bbox 196 4235 1423 4400">
     <span class='ocr_line' id='line_1_51' title="bbox 196 4235 1423 4319; baseline 0.002 -23"><span class='ocrx_word' id='word_1_490' title='bbox 196 4235 343 4298; x_wconf 88' lang='lat' dir='ltr'><strong>huminum</strong></span> <span class='ocrx_word' id='word_1_491' title='bbox 364 4239 460 4318; x_wconf 91' lang='lat' dir='ltr'><strong>pouit,</strong></span> <span class='ocrx_word' id='word_1_492' title='bbox 484 4237 666 4319; x_wconf 85' lang='lat' dir='ltr'><strong>amplificatio</strong></span> <span class='ocrx_word' id='word_1_493' title='bbox 686 4246 743 4313; x_wconf 83' lang='lat' dir='ltr'><strong>est,</strong></span> <span class='ocrx_word' id='word_1_494' title='bbox 768 4243 827 4300; x_wconf 81' lang='lat' dir='ltr'><strong>aest</strong></span> <span class='ocrx_word' id='word_1_495' title='bbox 846 4241 964 4312; x_wconf 80' lang='lat' dir='ltr'><strong>diecret,</strong></span> <span class='ocrx_word' id='word_1_496' title='bbox 987 4261 1049 4302; x_wconf 86' lang='lat' dir='ltr'><strong>nou</strong></span> <span class='ocrx_word' id='word_1_497' title='bbox 1066 4259 1117 4302; x_wconf 88' lang='lat' dir='ltr'><strong>eos</strong></span> <span class='ocrx_word' id='word_1_498' title='bbox 1135 4243 1229 4302; x_wconf 81' lang='lat' dir='ltr'><strong>modo.</strong></span> <span class='ocrx_word' id='word_1_499' title='bbox 1243 4241 1335 4300; x_wconf 86' lang='lat' dir='ltr'><strong>stulte</strong></span> <span class='ocrx_word' id='word_1_500' title='bbox 1422 4249 1423 4258; x_wconf 76' lang='grc'>’</span> 
     </span>
     <span class='ocr_line' id='line_1_52' title="bbox 196 4316 1423 4400; baseline 0.008 -28"><span class='ocrx_word' id='word_1_501' title='bbox 196 4333 291 4374; x_wconf 85' lang='lat' dir='ltr'><strong>errare</strong></span> <span class='ocrx_word' id='word_1_502' title='bbox 311 4318 359 4394; x_wconf 89' lang='lat' dir='ltr'><strong>qui</strong></span> <span class='ocrx_word' id='word_1_503' title='bbox 379 4316 486 4396; x_wconf 88' lang='lat' dir='ltr'><strong>plebeis</strong></span> <span class='ocrx_word' id='word_1_504' title='bbox 505 4317 667 4380; x_wconf 83' lang='lat' dir='ltr'><strong>bominibus</strong></span> <span class='ocrx_word' id='word_1_505' title='bbox 686 4339 765 4398; x_wconf 90' lang='lat' dir='ltr'><strong>spem</strong></span> <span class='ocrx_word' id='word_1_506' title='bbox 786 4339 866 4380; x_wconf 89' lang='lat' dir='ltr'><strong>suam</strong></span> <span class='ocrx_word' id='word_1_507' title='bbox 887 4321 1035 4392; x_wconf 77' lang='lat' dir='ltr'><strong>addiebat,</strong></span> <span class='ocrx_word' id='word_1_508' title='bbox 1064 4320 1115 4380; x_wconf 87' lang='lat' dir='ltr'><strong>sed</strong></span> <span class='ocrx_word' id='word_1_509' title='bbox 1139 4322 1188 4400; x_wconf 89' lang='lat' dir='ltr'><strong>qui</strong></span> <span class='ocrx_word' id='word_1_510' title='bbox 1208 4322 1335 4382; x_wconf 82' lang='lat' dir='ltr'><strong>summis</strong></span> <span class='ocrx_word' id='word_1_511' title='bbox 1422 4321 1423 4326; x_wconf 69' lang='grc'>’</span> 
     </span>
    </p>
   </div>
   <div class='ocr_carea' id='block_1_29' title="bbox 195 4393 1335 4481">
    <p class='ocr_par' dir='ltr' id='par_1_29' title="bbox 195 4393 1335 4481">
     <span class='ocr_line' id='line_1_53' title="bbox 195 4393 1335 4481; baseline 0.012 -29"><span class='ocrx_word' id='word_1_512' title='bbox 195 4394 282 4454; x_wconf 88' lang='lat' dir='ltr'><strong>stiam</strong></span> <span class='ocrx_word' id='word_1_513' title='bbox 301 4393 426 4474; x_wconf 80' lang='lat' dir='ltr'><strong>Regibus</strong></span> <span class='ocrx_word' id='word_1_514' title='bbox 445 4404 512 4458; x_wconf 87' lang='lat' dir='ltr'><strong>eunt</strong></span> <span class='ocrx_word' id='word_1_515' title='bbox 531 4399 627 4460; x_wconf 76' lang='lat' dir='ltr'><strong>amieis</strong></span> <span class='ocrx_word' id='word_1_516' title='bbox 652 4400 720 4479; x_wconf 83' lang='lat' dir='ltr'><strong>quia</strong></span> <span class='ocrx_word' id='word_1_517' title='bbox 741 4419 855 4481; x_wconf 89' lang='lat' dir='ltr'><strong>semper</strong></span> <span class='ocrx_word' id='word_1_518' title='bbox 879 4399 994 4464; x_wconf 85' lang='lat' dir='ltr'><strong>tandem</strong></span> <span class='ocrx_word' id='word_1_519' title='bbox 1012 4399 1164 4463; x_wconf 78' lang='lat' dir='ltr'><strong>maledieta</strong></span> <span class='ocrx_word' id='word_1_520' title='bbox 1181 4401 1238 4462; x_wconf 84' lang='lat' dir='ltr'><strong>erit</strong></span> <span class='ocrx_word' id='word_1_521' title='bbox 1257 4399 1335 4466; x_wconf 85' lang='lat' dir='ltr'><strong>lidu-</strong></span> 
     </span>
    </p>
   </div>
   <div class='ocr_carea' id='block_1_30' title="bbox 0 0 1446 4886">
    <p class='ocr_par' dir='ltr' id='par_1_30' title="bbox 0 0 1446 4886">
     <span class='ocr_line' id='line_1_54' title="bbox 0 0 1446 4886; baseline 0 1"><span class='ocrx_word' id='word_1_522' title='bbox 0 0 1446 4886; x_wconf 95' lang='lat' dir='ltr'><strong> </strong></span> 
     </span>
    </p>
   </div>
  </div>
 </body>
</html>
