2874 4888
432 291 443 326 ⁴
500 286 845 338 inostensam.
1122 299 1128 318 ‘
1190 287 1243 358 159

97 423 188 482 naudi
210 439 317 480 munna
337 384 479 498 designati
501 425 534 478 ut
553 419 749 478 similitudines
773 419 845 478 istae
864 416 900 479 ab
920 415 1083 478 homiuibus
1102 428 1241 500 sumptae,

23 517 24 548 t
96 523 153 580 pro
178 499 352 560 infirmitatis
376 505 491 559 nostrae
516 505 602 578 captu
627 499 782 579 improprie
802 499 895 558 solent
914 499 950 558 ad
971 497 1067 558 Deum
1086 501 1239 560 transferri.

23 615 24 620 κ
96 581 165 640 lloo
186 587 282 640 autem
304 580 397 656 elogio
418 597 511 638 crassa
532 580 626 636 omnia
647 586 823 653 commenta,
848 596 922 658 quse
941 575 997 637 Dei
1018 580 1173 658 potentiam
1195 579 1240 638 rel
1318 572 1341 604 '⁴

96 661 240 740 abrogant
261 659 307 718 vet
333 665 505 730 extenuant,
531 655 675 737 Propheta
698 657 813 720 refellit:
845 659 902 718 acsi
928 657 1045 731 diceret,
1074 678 1134 719 uon
1160 661 1242 719 aliter

97 739 293 880 ἱῖἒᾶῗῶἓιῃ,
313 740 368 798 nisi
387 737 460 798 sulio
480 757 533 798 suo
552 739 681 814 insideat,
700 735 758 798 hoc
776 743 830 815 est,
855 737 940 798 nmol
958 743 1054 856 teneat
1071 739 1172 800 mundi
1191 760 1241 819 gu·

188 977 224 1043 3.
246 973 438 1054 Extulerunt
459 973 598 1058 llumiua,
619 957 746 1060 leliova,
772 973 955 1044 extulerunt
975 973 1105 1042 llumina
1127 999 1240 1044 vocem

98 1107 204 1166 suam,
226 1081 381 1150 extollent
402 1081 531 1146 flumine
553 1080 690 1172 gurgites
712 1103 804 1147 suus:
827 1075 860 1147 4.
883 1079 913 1148 Α
934 1083 1065 1149 vocibus
1087 1105 1242 1172 aquarum
1287 1149 1293 1156 ,

99 1211 289 1282 magnarum
313 1187 464 1256 terribiles
487 1187 600 1254 [luctus
622 1187 726 1270 maris,
748 1187 893 1274 terribilis
914 1187 947 1254 in
970 1188 1098 1256 excelso
1113 1189 1240 1258 lehuva.

100 1300 134 1365 5.
168 1295 368 1362 Testimonia
395 1303 449 1358 tua
477 1293 632 1361 verificabo
660 1304 736 1360 sunt
761 1293 867 1363 valde:
902 1293 1011 1362 domui
1033 1305 1107 1364 tuae
1136 1295 1242 1380 decus,

101 1403 251 1472 sanctitas
272 1401 389 1468 Iebova
411 1397 445 1466 iu
466 1397 695 1490 longitudinem
717 1399 848 1470 dierum.
1132 1400 1136 1412 ’

182 1551 211 1612 3.
241 1547 422 1607 Existimat
432 1546 577 1626 flumine.
616 1543 704 1608 Varie
726 1545 895 1628 interpreter
919 1545 1132 1610 honerosum
1151 1567 1240 1629 enpu-

103 1635 185 1689 nunt.
225 1625 326 1706 Aliqui
349 1625 543 1704 metaphorice
568 1628 661 1688 notari
686 1635 790 1710 putant
809 1627 950 1688 violentos
970 1627 1095 1688 bostium
1115 1629 1240 1708 impetus

104 1711 151 1788 qui
173 1711 359 1767 surrexerant
378 1711 477 1764 eontra
497 1689 667 1780 Ecclesiam,
692 1714 721 1767 et
739 1706 797 1767 Dei
823 1711 942 1789 gratiam
963 1708 1097 1772 celebrari
1118 1709 1167 1788 qui
1188 1729 1240 1768 eus

104 1788 320 1869 compescuerit.
351 1783 409 1844 Alii
427 1783 592 1864 simpliciter
611 1788 706 1868 potius
725 1805 813 1868 quarn
834 1787 953 1868 figurate
973 1790 1100 1869 accipere
1120 1789 1240 1848 malunt.

104 1865 246 1946 Quemvis
265 1863 402 1928 terribiles
423 1866 479 1924 sint
497 1883 664 1946 magnarum
684 1885 822 1947 aquarum
842 1870 990 1950 strepitus,
1015 1877 1163 1928 eteorum
1183 1877 1240 1928 ter·

102 1967 196 2008 rorem
223 1952 357 2028 superent
380 1945 484 2003 fluetus
508 1947 608 2019 maria,
632 1945 730 2006 Deum
749 1954 848 2007 tamen
865 1949 895 2006 in
914 1967 1048 2028 supremo
1068 1949 1157 2030 gradu
1177 1969 1241 2010 essa

103 2028 268 2090 terribilem.
301 2025 364 2105 Ego
383 2029 417 2084 ot
435 2026 466 2083 in
486 2029 705 2105 comparationis
725 2029 833 2104 arintia
852 2047 912 2087 non
932 2030 1041 2102 insisto,
1061 2049 1120 2090 non
1140 2029 1240 2089 dubito

104 2111 173 2190 quin
194 2107 340 2190 Propheta
364 2105 447 2185 qnasi
471 2125 522 2186 per
545 2105 742 2188 hypotyposin
808 2109 817 2166 i
845 2109 1002 2189 potentiam
1022 2108 1067 2168 bio
1088 2109 1170 2168 nobis
1190 2131 1240 2170 ex..

104 2193 224 2270 primate
251 2189 333 2268 quasi
353 2185 473 2254 diceret,
492 2187 685 2264 quaerendum
706 2207 764 2246 non
784 2205 848 2247 esse
867 2187 1004 2248 illustrius
1023 2191 1167 2268 specimen
1186 2211 1241 2270 po-

105 2272 210 2329 tentiae
230 2266 285 2328 Dei
306 2272 339 2326 nt
358 2265 440 2326 nobis
459 2264 642 2325 formidabilia
662 2269 699 2326 sit
717 2268 778 2326 eins
797 2268 942 2340 maiestas,
973 2287 1059 2348 quam
1084 2271 1113 2328 in
1138 2271 1239 2350 tepido

105 2352 255 2409 huminum
274 2348 396 2408 decursu
415 2353 443 2405 et
458 2347 548 2406 maris
563 2345 785 2426 tempestatibus,
805 2348 888 2406 sicuti
899 2345 1013 2408 Psalmo
1023 2353 1071 2421 29,
1082 2352 1110 2410 3.
1131 2349 1240 2410 dietum

105 2431 159 2510 tuit
178 2431 207 2488 in
228 2429 338 2488 tonitru
357 2445 492 2486 resonare
511 2425 662 2486 terrificam
677 2425 733 2486 Dei
753 2445 863 2486 vocem.
883 2426 1002 2486 Summa
1022 2434 1074 2496 est,
1094 2427 1189 2488 Deum
1208 2432 1240 2490 in

104 2510 253 2568 lluminum
279 2508 398 2586 strepitu
417 2513 446 2564 et
466 2508 666 2586 tempestuosis
685 2507 772 2567 maris
792 2507 925 2566 ductibus
944 2509 1079 2566 virtutem
1099 2527 1239 2584 exserere,

106 2588 355 2728 ttttttittt
370 2587 562 2746 tttttt
580 2585 1239 2748 ttttttdttttt’tttttttttt

341 2709 349 2740 l

106 2747 402 2906 ttttttttttt
417 2767 454 2885 ἐξ
469 2745 945 2904 ἓὲῒὲῗέ,Νὸἓῗ;ἔιῖἭι’ἕὲἵὶἳὲ
955 2765 1040 2890 ,ttt
1055 2747 1239 2888 tttt‘ttt

106 2911 231 2967 cotiatnr
249 2909 278 2966 in
299 2908 437 2987 speeiem,
456 2925 515 2964 non
533 2912 630 2966 tamen
650 2909 738 2968 minui
759 2906 814 2969 Dei
834 2910 1005 2989 potentiam,
1031 2909 1098 2990 quia
1121 2909 1239 2968 terribili

105 3007 158 3048 sno
178 2989 297 3071 imperio
317 2985 541 3066 perturbationes
561 3005 661 3048 omnes
679 2988 762 3048 facile
781 3009 844 3048 com
897 2993 942 3048 cit.

184 3070 213 3130 5.
247 3071 429 3127 Testtrnooto
448 3075 511 3126 tuo.
552 3064 697 3127 Hactenus
722 3069 819 3128 retulit
863 3067 982 3149 ropbota
1007 3087 1094 3148 quam
1119 3067 1238 3129 admira·

40 3189 43 3195 -
104 3145 168 3207 bilis
188 3150 227 3207 sit
245 3145 325 3206 Dens
345 3165 434 3226 quum
453 3147 483 3205 iu
503 3147 601 3206 mnndi
622 3149 777 3220 creatione,
801 3153 863 3208 tom
883 3149 967 3208 etiarn
987 3149 1016 3206 in
1036 3148 1240 3228 gubernatione

105 3229 215 3308 generis
236 3227 359 3287 bomani.
390 3223 474 3284 Nunc
492 3227 634 3308 peculiare
655 3227 822 3287 beneficium
843 3235 1047 3288 commemorat
1068 3249 1127 3307 quo
1147 3248 1238 3309 popu·

106 3309 166 3366 lum
186 3306 310 3366 electum
330 3307 460 3386 dignatus
480 3312 533 3379 est,
554 3305 693 3386 patefacta
713 3301 967 3367 ruune‘uoerriua.
997 3307 1042 3366 Ae
1063 3309 1155 3388 ptimo
1176 3309 1265 3388 qni·-

107 3387 169 3448 deor
190 3385 296 3465 Legem
317 3385 372 3445 Dei
393 3405 410 3445 a
429 3393 506 3446 certa
525 3385 581 3446 tide
601 3394 630 3447 et
650 3387 768 3446 veritate
787 3387 980 3448 commendat:
1009 3387 1059 3447 sed
1084 3389 1153 3468 qnia
1178 3389 1240 3447 tbe·

106 3485 207 3525 sauros
228 3467 276 3526 hic
294 3467 402 3526 crmctis
422 3466 536 3546 populis
555 3469 717 3547 promiscue
742 3469 889 3547 expositus
915 3486 972 3526 nou
997 3474 1072 3540 erat,
1101 3469 1239 3528 continno

106 3539 174 3626 psit
198 3547 325 3626 adiungit
350 3547 467 3606 domum
494 3543 549 3604 Dei
573 3553 703 3606 ornatam
733 3565 795 3606 ease
823 3546 975 3627 splendore
1004 3547 1034 3605 in
1059 3561 1239 3628 perpetuum.

106 3623 475 3766 PutafflvppssergpesebDe}
484 3624 595 3722 bonitas
616 3625 1113 3768 ιιΰὶωιιιιιιὲὴιιιιιιιιιιξιιιιιὴξίιιῑιιιιιΙιὲιἸΙοὲ1
1121 3627 1177 3766 bpoe
1186 3630 1240 3765 (pov

122 3725 152 3764 es
207 3723 223 3765 a
262 3726 280 3765 e
341 3727 359 3766 ι
403 3725 552 3766 onerosum
576 3727 645 3766 men
703 3725 736 3766 ee
783 3725 813 3766 ra
873 3725 904 3765 ro
973 3725 989 3764 a
1148 3725 1240 3769 ¹eus

106 3793 242 3846 aeternae
259 3789 335 3846 ritae
354 3788 384 3847 in
393 3784 520 3846 Ecclesia
539 3805 591 3846 sua
611 3787 782 3867 deposuerit,
801 3793 833 3844 nt
852 3727 1058 3846 illicpcuelelstii
1078 3805 1129 3846 sua
1149 3787 1239 3865 glorie

106 3867 218 3946 plenius
242 3865 373 3945 fulgeret,
413 3864 539 3943 Quidam
560 3870 652 3936 ittet)
678 3885 731 3946 pro
751 3864 926 3925 desiderabili
946 3867 1100 3946 accipiunt:
1120 3868 1178 3926 sesi
1198 3868 1228 3928 di

104 3947 195 4006 sisset
215 3943 372 4027 Propheta,
393 3945 505 4025 Templi
525 3947 610 4005 decus
630 3965 692 4006 esse
710 3948 879 4026 pretiosum,
904 3947 953 4007 sed
974 3947 1047 4006 ratio
1067 3945 1240 4007 Gonnus

104 4043 155 4084 eae
174 4023 253 4084 alind
277 4025 419 4106 postulatu
556 4025 646 4086 adine
665 4029 778 4086 dionem
796 4033 912 4094 nentur
931 4033 1069 4107 perpetes
1087 4031 1239 4100 successio,

104 4105 140 4163 de
161 4093 218 4185 ffoa
238 4106 325 4164 etism
345 4103 489 4184 praeclare
521 4111 713 4177 ess.59,21.
753 4105 828 4165 Eece
851 4109 935 4188 posui
954 4107 1073 4166 verbum
1092 4125 1188 4172 meum
1207 4107 1238 4168 in

105 4203 156 4245 ore
181 4191 250 4258 tno',
279 4185 309 4243 in
334 4201 385 4244 ore
410 4184 524 4243 seminis
544 4184 599 4256 tni,
629 4191 658 4245 et
677 4187 789 4246 seminis
810 4187 888 4266 qrrod
908 4187 1008 4246 deinde
1027 4192 1176 4266 sequetem
1205 4195 1238 4250 ut

104 4263 182 4324 liddi
201 4264 330 4326 untedio
349 4283 402 4346 per
421 4263 525 4325 multas
544 4269 649 4324 aetates
667 4265 798 4328 coelestia
818 4267 947 4330 doctdna
965 4267 1069 4348 rigeat,
