2890 4886
512 269 514 277 ’
584 265 890 308 rrreacascr.
1150 309 1152 314 ,
1215 249 1269 326 24'1

209 387 257 449 34.
284 391 371 447 Venit
390 389 513 448 locucio.
554 383 631 445 Hace
650 407 784 467 agrorum
803 387 948 449 calamitae
968 395 1026 449 obn
1046 391 1141 472 potuit
1159 391 1190 451 in
1209 391 1269 454 ion
1323 385 1329 404 '
1420 435 1422 443 r

129 473 231 527 tunam
257 465 392 540 conferri,
419 468 486 546 quia
506 475 536 526 et
554 475 700 528 momento
719 473 836 528 exortae
855 476 922 529 eunt
940 469 1082 543 locustae,
1111 476 1142 532 et
1161 469 1269 552 absque

128 563 267 621 numero,
291 552 325 605 ut
349 549 440 604 tutam
459 546 627 627 Aegyptum
650 545 812 608 obruerent.
850 543 910 607 Sed
935 547 1104 610 miraculum
1128 549 1159 609 in
1179 549 1267 612 verbo

127 625 256 686 maxime
280 643 349 684 cons
370 625 468 684 icnum
482 625 555 704 luit,
581 626 647 708 qnia
673 623 828 705 praedictio
847 623 965 686 obstulit
983 643 1098 691 omnem
1118 625 1268 688 dubitatio·
1351 679 1354 688 .

128 721 208 764 nem.
230 701 329 784 ltaque
348 643 452 764 diserte
461 701 605 786 Propheta
624 703 748 766 dnrchm
767 714 794 766 et
814 705 943 766 iocuetoe
960 705 1096 788 irrupisse
1115 699 1183 767 didit
1201 703 1268 766 Deo

127 779 255 870 iubente,
274 783 332 844 acsi
351 783 418 842 dato
437 781 520 864 cigno
538 783 643 844 milites
662 780 699 845 ad
718 781 860 865 proelium
878 790 1032 846 currerent
1064 781 1186 865 Semper
1205 787 1267 868 qui·

128 860 195 922 dem
219 859 290 922 haec
314 861 434 938 insecta,
465 861 513 922 nbi
529 880 591 938 ,nos
611 861 759 938 infestant,
789 868 819 924 et
837 881 951 924 currum
973 869 1027 924 unt
1045 870 1139 924 terr-ae
1158 864 1266 946 fruges,

126 938 185 1001 Dei
204 939 316 1022 llageltu
335 946 416 1001 eunt:
437 941 487 1000 aed
506 938 652 1022 Propheta
670 941 928 1002 extraordinarium
967 944 994 1003 ei
1013 962 1087 1024 opus
1108 941 1265 1006 hicuotare

127 1021 229 1080 voluit
269 1017 382 1081 Recitat
406 1021 520 1093 tandem
540 1017 684 1101 Propheta
703 1021 835 1082 ultimum
854 1021 1038 1097 miraculum,
1069 1020 1148 1104 quod
1166 1025 1266 1104 proxi·

126 1117 175 1159 ma
199 1106 283 1160 nocte
307 1105 374 1159 ante
397 1099 497 1181 populi
521 1119 666 1182 egressum
684 1096 772 1160 edidit
791 1099 932 1182 Augetur,
963 1101 1150 1182 primogenita
1170 1105 1266 1166 omnia

126 1179 292 1240 occidendo.
311 1177 395 1240 Hanc
412 1176 559 1240 historiam
577 1184 611 1238 ut
629 1179 698 1240 olias
717 1181 878 1260 superiores
897 1179 998 1240 leviter
1016 1187 1176 1260 praetereor
1197 1185 1265 1264 quia

126 1265 157 1344 et
185 1257 253 1318 alibi
277 1255 391 1319 uberius
416 1259 532 1320 fuerunt
549 1262 699 1333 mutatae,
729 1264 760 1320 et
777 1277 855 1318 nunc
874 1255 1035 1340 Prophetae
1054 1259 1204 1322 consilium
1223 1268 1265 1321 te-

128 1355 199 1398 nete
224 1336 338 1398 sufficit.
379 1335 555 1419 Quanquam
579 1337 748 1419 repetitione
773 1336 848 1398 hanc
866 1335 923 1398 Dei
947 1339 1083 1399 virtutem
1102 1339 1266 1421 amplificat,

128 1415 226 1478 diceus
255 1427 400 1480 corotritoe
421 1419 519 1496 soteee
535 1424 701 1500 primitius,
731 1427 758 1479 et
769 1420 884 1500 florem
902 1424 1022 1478 virtutie
1040 1439 1151 1478 eorum.
1189 1419 1267 1482 Male

128 1495 176 1556 alii
195 1503 320 1576 vertunt,
339 1496 515 1580 Principium
535 1495 651 1571 doloris,
671 1515 738 1556 nam
799 1495 826 1556 ia
845 1495 927 1556 virile
935 1494 1024 1556 robur
1043 1497 1072 1556 in
1083 1500 1267 1578 generatione

127 1593 160 1636 re
178 1576 287 1716 prqdeit,
316 1578 488 1720 pqqqrdpim
507 1576 620 1638 mintia
641 1583 745 1637 vocant
758 1510 886 1638 hebraei
905 1573 1109 1658 primogenite,
1140 1581 1174 1637 nt
1193 1577 1264 1638 dixi-

127 1675 194 1717 mue
259 1676 316 1718 nes.
376 1700 385 1727 ‚
426 1701 433 1716 .

207 1737 256 1799 37.
275 1739 317 1799 Et
335 1738 437 1799 edocit
448 1759 514 1812 „eon
544 1733 591 1797 hx
609 1753 647 1818 op
669 1735 742 1798 oaito
762 1733 944 1796 commendat
962 1732 1018 1796 Dei
1037 1733 1172 1818 gratiam,
1192 1751 1266 1816 quae

126 1815 268 1954 populum
288 1817 413 1878 electum
429 1815 466 1877 ab
486 1813 618 1879 omnibns
636 1755 727 1898 pingis
746 1815 883 1876 intectum
903 1820 932 1876 et
949 1811 1265 1876 incolumemservavit.

152 1897 342 1976 iprumiscue
361 1896 418 1958 utri
458 1915 475 1957 e
494 1895 609 1959 eaedem
629 1897 782 1957 sensissent
800 1894 914 1976 plagas,
932 1895 1026 1956 minua
1044 1893 1178 1956 notabilis
1196 1894 1266 1956 luis·

128 1979 174 2035 aet
193 1973 249 2035 Dei
273 1995 384 2039 manus.
452 1995 509 2038 nnc
532 1976 602 2038 dum
626 1995 664 2038 ex
687 1981 732 2036 tot
756 1974 883 2036 cladibus
907 1971 979 2034 nihil
1001 1992 1120 2056 proram
1138 1975 1265 2038 senb'uut

128 2055 319 2134 incommodi,
334 2055 419 2118 -haeu
448 2055 605 2132 distinctio,
635 2055 716 2151 quusi
745 2055 774 2114 in
794 2053 892 2114 tabula
920 2060 1070 2136 paternam
1088 2050 1145 2113 Dei
1165 2073 1263 2116 eurum
1299 2057 1302 2072 '

130 2153 198 2216 erga
231 2154 299 2197 suos
328 2137 462 2220 depingit.
508 2134 571 2196 Hac
600 2141 711 2195 rotrone
729 2133 797 2194 dicit
815 2133 926 2194 nullum
945 2133 1032 2194 tuisse
1052 2129 1186 2208 debilem,
1216 2133 1264 2198 vel

128 2217 179 2294 qni
191 2215 368 2303 impingeret,
387 2237 454 2279 nam
464 2214 584 2277 verbum
593 2189 682 2286 hm
707 2221 862 2293 uirumque
891 2211 1040 2295 significat.
1082 2209 1145 2352 Ego
1168 2218 1264 2275 tamen

128 2295 294 2376 simpliciter
311 2299 438 2379 accipere
456 2297 543 2369 malo,
563 2313 654 2376 quum
663 2295 813 2376 Aegyptus
833 2292 869 2352 ud
888 2291 1034 2354 interitum
1053 2298 1101 2356 tun
1122 2297 1191 2368 eret,
1210 2309 1263 2374 po·

129 2373 230 2464 pulum
250 2375 306 2438 Dei
335 2385 468 2458 vegetum
498 2377 598 2448 tuisse,
627 2380 657 2435 et
680 2373 716 2434 ab
741 2373 818 2434 omni
837 2371 939 2434 morbo
957 2371 1121 2434 immunem.
1163 2369 1289 2450 Quum

128 2455 204 2530 dicit,
222 2461 325 2519 eduxit
347 2481 412 2520 eor:
439 2465 554 2598 posim,
579 2463 612 2516 in
619 2455 756 2539 familiia
774 2461 849 2528 eiua,
875 2453 995 2514 motatio
1014 2457 1057 2513 est
1075 2451 1186 2512 numeri
1205 2449 1262 2512 He·

103 2540 109 2546 '
127 2533 220 2598 bracis
238 2539 305 2600 satis
324 2539 400 2598 trita.

150 2615 157 2630 ²
467 2557 514 2598 am
534 2534 612 2617 quod
631 2532 668 2596 ed
687 2532 784 2595 Deum
803 2530 919 2614 quidam
938 2531 1080 2607 referunt,
1097 2547 1210 2606 vercor,
1228 2537 1262 2592 ut

127 2617 212 2678 nimis
230 2625 359 2679 coactum
374 2620 423 2678 rit·
828 2652 831 2665 ι

213 2701 261 2762 38.
281 2701 409 2760 Ledeia
429 2707 471 2760 eet
491 2699 536 2757 Ae
598 2703 654 2756 toa.
694 2694 759 2755 Alia
788 2691 999 2754 circumstantia
1022 2687 1079 2751 Dei
1100 2690 1261 2828 potentiam

128 2785 263 2853 testatur,
282 2777 359 2858 qnod
379 2776 497 2838 libenter
521 2782 642 2836 eectnm
662 2775 801 2856 populum
820 2771 976 2834 dimiserint
994 2769 1098 2865 Aegyp
1110 2769 1145 2844 ir,
1170 2787 1260 2864 quum

128 2869 227 2922 temen
256 2857 326 2917 nibil
355 2857 448 2916 minus
480 2861 554 2916 esset
579 2856 765 2935 propositum.
805 2850 990 2933 Numquam
1009 2857 1115 2911 centres
1134 2847 1259 2944 perditos

128 2943 281 3081 iiiiii
298 2926 1260 3096 iiiiiiiiiiiriitiii‘liiiiizititiiii

130 3097 215 3160 Unde
238 3098 366 3178 sequitur
386 3095 531 3156 occultum
550 3111 613 3153 esse
632 3111 705 3173 opus
724 3090 920 3172 providentiae
943 3087 1011 3164 Dei,
1036 3088 1115 3168 qnod
1134 3087 1259 3168 priorem

98 3173 109 3203 ²
130 3181 263 3240 affectum
283 3182 399 3256 repente
418 3181 535 3235 exuunt.
566 3171 674 3232 Eodem
695 3177 805 3252 spectat
824 3171 901 3249 quod
921 3169 992 3230 dixit
1012 3167 1145 3250 proximo
1164 3178 1260 3237 versu,

130 3248 249 3320 edudde
264 3257 366 3336 sotere
379 3277 446 3315 com
468 3275 545 3314 coro
564 3263 591 3312 ei
615 3261 750 3334 urgento.
790 3247 890 3329 Neque
919 3247 995 3308 enim
1011 3248 1136 3306 ¹anirum
1159 3245 1261 3306 luisaet

130 3337 279 3419 Aegyptiis
308 3353 339 3395 re
368 3335 445 3394 ultro
469 3331 591 3416 spoliare
615 3331 651 3390 ad
676 3349 726 3389 eoo
750 3329 881 3388 ditandos
905 3347 978 3407 quor
1002 3323 1105 3406 cupide
1124 3323 1182 3384 vita
1201 3326 1259 3408 pri·-

130 3422 253 3478 vaseent.
294 3413 361 3474 linit
384 3416 472 3496 igitur
495 3414 565 3473 haec
585 3409 640 3470 Dei
660 3408 819 3480 liberalitas,
839 3409 868 3468 iu
888 3409 969 3466 euius
987 3423 1076 3466 mann
1094 3409 1125 3464 ei
1143 3401 1260 3464 arbitrio

129 3501 198 3558 eunt
226 3513 324 3555 omnes
353 3493 451 3555 mundi
480 3492 588 3574 copiae.
628 3487 728 3570 Quum
753 3493 846 3547 antem
871 3486 1010 3546 violenter
1034 3485 1143 3565 eripere
1183 3488 1260 3542 osset
1290 3537 1296 3546 ,
1413 3505 1418 3514 ·

129 3575 279 3658 Aegyptiis
348 3591 382 3634 oe
411 3571 540 3647 deduci,
559 3571 640 3630 tlerit
668 3586 768 3628 eorum
793 3565 889 3638 corda,
910 3571 942 3628 ut
961 3583 992 3624 se
1012 3561 1089 3624 ultro
1108 3581 1147 3622 nu
1168 3567 1257 3622 arent.

15 3695 25 3714 ι
133 3661 212 3732 Quin
241 3679 258 3715 c
294 3661 302 3676 ⁸
353 3663 490 3714 citimus·
512 3673 621 3714 mmm.
660 3647 778 3708 Paesive
797 3645 946 3727 accipitur,
970 3661 1064 3724 neque
1082 3642 1259 3704 enim'time·

111 3733 527 3816 'baatlsratliteehegyptioq
546 3731 595 3790 sed
615 3725 753 3790 terribiles
771 3733 862 3786 erunt.
890 3721 951 3784 Nec
971 3722 1006 3783 de
1025 3721 1136 3802 vulgari
1155 3721 1259 3780 timore

129 3811 258 3894 loquitur
277 3811 435 3894 Propheta,
464 3829 531 3872 nam
571 3809 637 3870 aulo
657 3815 721 3868 ante
742 3825 791 3866 cos
810 3807 990 3886 instigaverat
1006 3802 1096 3876 ¹timor·
1113 3799 1149 3860 ad
1169 3797 1257 3855 saevi·

127 3894 198 3955 tiam
222 3899 253 3955 et
276 3893 468 3973 tyrannidem.
506 3830 570 3950 Sed
586 3909 674 3970 quum
694 3887 729 3947 ad
750 3904 815 3946 enm
836 3903 927 3965 usque
948 3883 1023 3942 diem
1044 3873 1199 3958 preelructa
1219 3869 1259 3964 le·

130 3975 211 4036 nucia
239 3973 334 4034 conati
363 3978 458 4032 emant
487 3975 595 4031 metum
614 3973 762 4040 excutere,
791 3962 873 4024 Deus
892 3967 1008 4042 repente
1027 3975 1077 4017 eos
1097 3953 1259 4034 prostravit.

129 4051 228 4133 Quare
256 4071 316 4113 non
343 4051 394 4112 obs
413 4071 446 4112 re
463 4051 537 4110 inter
556 4046 610 4110 Dei
630 4047 751 4107 virtutes
770 4047 974 4104 commemorat
994 4032 1091 4130 Proph
1121 4050 1151 4104 a,
1169 4027 1260 4124 'quod
1321 4055 1331 4068 =

128 4130 244 4214 fregerit
261 4130 405 4192 violentos
424 4127 549 4210 impetus
568 4127 671 4210 quihus
690 4134 756 4187 ante
775 4122 923 4185 tenebant
941 4120 1086 4198 Aegyptii,
1100 4119 1136 4208 ‘ut
1158 4107 1280 4170 hberoee
1336 4185 1342 4208 1

128 4213 303 4274 dimitterent
320 4229 394 4292 quos
413 4208 561 4270 servilibus
581 4208 675 4290 operis
694 4212 815 4288 atterere¹
832 4203 1001 4265 rtatueraut:
1028 4209 1109 4276 quusi
1127 4205 1197 4250 ovet
1216 4187 1259 4247 lu·

128 4294 173 4378 pis
192 4290 391 4354 formidolosas
410 4287 546 4356 redderet.
1169 4317 1188 4330 ..
1253 4327 1256 4332 .

152 4388 294 4432 comus·
308 4385 391 4434 rma.
404 4385 467 4429 τοι
480 4383 511 4426 ιι.
796 4425 803 4437 ,
947 4359 987 4422 16
