2874 4888
524 316 852 360 rursasrmcr.
1209 319 1261 376 173

124 463 199 504 esse:
221 443 288 523 quia
300 439 447 523 Scriptura
466 439 571 501 Erech
587 439 634 516 36,
654 427 704 504 ⁴26.
722 440 869 580 quumde
888 439 974 501 eorde
992 439 1104 521 lapideo
1124 441 1261 522 loquitur,
1345 423 1347 430 Α

125 545 184 584 non
205 525 349 602 restringit
370 525 470 581 vitinus
492 523 527 582 ad
547 539 663 604 pauens,
689 541 719 581 se
758 521 788 580 in
809 541 910 602 genere
930 523 1093 601 pronuntiat
1113 523 1204 602 qualis
1223 525 1261 582 sit

124 603 275 664 hominum
296 609 405 660 natura.
437 603 571 682 Ceterum
593 603 722 682 quumvis
742 602 866 682 ingenita
886 601 922 660 sit
941 601 1023 660 nohis
1043 601 1106 660 talis
1126 604 1261 682 pravitas,

124 686 192 764 quia
219 689 316 776 taqren
341 682 582 776 voluntariaest,
608 701 701 776 neque
726 701 810 740 sensu
830 699 968 776 caremus,
991 687 1024 739 ut
1043 679 1258 776 lapidesrquis·

124 759 449 921 ittttttttt.
462 769 749 900 titlttttttr
772 759 1262 920 tt⁸ttttdtat¹¹⁰ltt⁰tt

124 915 193 980 rhen
215 921 353 1000 sequitur,
372 921 521 978 mollitiem
545 927 574 978 ct
594 939 644 980 eor
663 922 690 980 in
711 926 861 998 utramque
882 927 990 999 partem
1010 917 1142 992 flexibile,
1162 922 1262 978 esseiu

124 1021 215 1060 manu
236 1006 347 1058 nostra:
373 1002 440 1078 quia
466 1000 532 1058 lacit
551 1007 668 1058 naturae
689 1000 834 1078 corruptio
855 1005 887 1058 ut
907 1005 967 1058 tota
986 997 1109 1058 hominis
1128 999 1262 1060 voluntas

129 1081 165 1140 ad
186 1079 292 1137 malum
314 1077 436 1150 inclinet,
457 1087 543 1158 atque
562 1080 647 1138 stiam
668 1079 783 1138 lerator.
814 1077 1050 1160 Seipsumtamen
1072 1079 1191 1158 quisque
1212 1079 1260 1136 ob-

129 1161 214 1217 durat
235 1159 347 1296 quboties
360 1155 425 1218 Deo
445 1177 502 1217 non
523 1157 631 1218 obedite
652 1161 719 1239 quia
738 1157 861 1218 malitiae
881 1160 994 1240 culpam
1013 1177 1071 1218 non
1091 1137 1186 1238 peltest
1205 1159 1262 1218 alio

129 1241 262 1297 transscri
283 1257 339 1297 ere.
361 1243 363 1252 '
1314 1287 1318 1311 ,

211 1319 388 1392 9..Qoorrelo
418 1325 602 1378 tentaverunt
630 1341 676 1379 me
695 1321 805 1380 Patres
833 1325 928 1378 uestri.
970 1313 1095 1395 Obliqne
1124 1315 1264 1396 significat

63 1427 66 1438 .
131 1393 286 1478 Propheta,
316 1397 398 1455 sicuti
423 1400 502 1477 prius
528 1398 620 1474 attici,
645 1395 764 1458 ludaeos
789 1395 823 1457 ab
847 1398 927 1457 initio
951 1399 1076 1478 perversi
1106 1396 1209 1476 ingenii
1234 1401 1263 1454 et

154 1497 222 1555 rope
247 1477 377 1535 indomiti
403 1477 496 1536 inisse.
535 1445 612 1536 Utile
636 1483 732 1538 tamen
757 1475 793 1537 ob
818 1477 888 1538 duas
913 1479 1035 1536 rationes
1056 1475 1125 1552 luit,
1155 1477 1267 1534 crimene

130 1497 252 1614 l’atrunr
272 1556 336 1614 liliis
347 1558 475 1615 revocari
493 1558 522 1616 in
535 1558 710 1617 memoriam.
740 1555 854 1616 Scimus
870 1575 956 1637 quam
973 1555 1105 1634 proclivis
1123 1556 1263 1614 incorum

132 1638 290 1704 imitatione
314 1636 351 1694 sit
380 1635 486 1718 lapsus,
515 1655 582 1696 nam
608 1643 637 1696 et
661 1637 768 1696 licitum
792 1637 905 1696 videtur
924 1635 1058 1716 quiequid
1078 1635 1205 1706 invaluit,
1234 1639 1264 1694 et

132 1723 259 1773 vetustas
279 1723 391 1794 seraper
410 1715 534 1794 aliquam
553 1718 740 1776 reverentiam
759 1716 811 1775 sihi
832 1716 973 1774 vendicat:
993 1721 1023 1773 et
1042 1713 1194 1773 domestica
1213 1733 1263 1773 ex·

133 1794 227 1874 empla
248 1815 301 1853 uos
321 1803 482 1868 excaecant,
507 1802 540 1855 ut
559 1799 619 1856 sine
640 1795 759 1870 delecta,
786 1797 850 1856 loeo
870 1796 983 1853 virtutis
1003 1795 1138 1873 arripiant
1157 1793 1264 1873 posteri
1305 1797 1310 1804 '

132 1874 305 2012 ttttt:
324 1874 728 2015 lttlttttitstrtt
744 1875 856 2014 llil
875 1873 1266 2032 tt⁰tt:.t⁰”ltl¹tt'tt
1308 1913 1348 1950 ·“

132 1975 244 2102 lsrael)
260 1995 361 2112 qullrds
381 2053 444 2092 mos
464 2041 525 2094 erat
535 2035 647 2115 gloriari
667 2037 696 2093 in
716 1975 1051 2106 Parnbulpracitiushac
1068 2035 1099 2088 in
1120 2037 1201 2110 pario
1215 2033 1265 2089 de-

133 2114 210 2192 cepti
229 2113 356 2171 luissent.
386 2111 511 2192 Ideoque
530 2133 588 2173 nou
608 2113 658 2172 ahs
677 2133 708 2172 re
727 2113 871 2192 Propheta
891 2131 941 2170 eos
961 2107 1123 2168 uPatrilrus
1143 2113 1201 2183 suis
1215 2110 1266 2168 ab·

133 2193 225 2266 ducit,
250 2191 328 2270 quod
354 2189 524 2251 detestabilis
549 2193 634 2252 luerit
659 2211 758 2252 eorum
783 2191 962 2271 ingratitudo.
1003 2189 1100 2249 Altera
1124 2195 1169 2248 est
1192 2191 1265 2248 ratio

156 2291 221 2330 nam
264 2274 320 2329 rius
341 2271 428 2351 attigi,
448 2278 481 2330 ut
500 2273 605 2332 scirent
628 2272 785 2330 necessario
810 2290 841 2329 se
865 2269 1018 2328 admoueri.
1045 2267 1117 2327 Nam
1144 2268 1168 2327 si
1187 2268 1265 2327 nulla

135 2283 231 2410 luisset
277 2357 370 2409 atrum
394 2351 526 2423 rebellio,
548 2351 678 2432 excipere
702 2357 837 2432 propium
861 2355 933 2421 erut,
960 2345 1107 2424 Quorsum
1128 2349 1266 2428 praecipis

121 2428 173 2490 ‘ne
192 2429 364 2489 obduremus
385 2431 480 2502 corda,
500 2431 614 2512 quando
630 2431 764 2490 haetenus
784 2447 872 2510 genus
892 2433 1020 2486 nostrum
1042 2427 1132 2484 dodle
1152 2446 1186 2485 ae
1205 2449 1266 2487 mo·
1309 2492 1312 2498 ,

135 2512 259 2590 rigorum
285 2509 356 2568 tuit?
386 2508 485 2586 Quum
514 2529 583 2571 vero
607 2509 706 2570 Patres
730 2529 831 2570 eorum
854 2506 890 2566 ab
913 2507 994 2568 initio
1019 2505 1081 2571 duri
1104 2506 1209 2565 luerint
1232 2525 1267 2565 ae

115 2591 298 2670 praefracti.
340 2587 482 2670 Propheta
503 2609 561 2650 non
582 2589 617 2650 de
637 2587 727 2649 nihilo
747 2609 779 2649 se
798 2591 826 2649 io
847 2585 982 2646 hooritio
1002 2585 1170 2665 corrigendo
1189 2603 1266 2644 nuuc

137 2671 267 2728 insistere
297 2668 389 2727 docet.
429 2667 511 2746 Quae
535 2677 703 2750 sequuntur,
732 2673 853 2750 possunt
869 2665 1009 2726 'hilariani
1036 2667 1150 2744 exponi.
1169 2672 1172 2688 ·
1192 2663 1266 2726 llam

141 2769 232 2830 quum
252 2756 362 2808 tentare
382 2745 486 2822 Deum,
505 2751 575 2810 nihil
595 2749 671 2812 atiud
691 2749 727 2808 sit
747 2767 833 2828 quam
852 2765 943 2828 pravo
962 2751 991 2804 et
1014 2745 1111 2805 illicito
1136 2751 1206 2806 roto
1226 2746 1276 2804 ei.

139 2831 208 2889 lerri
228 2827 263 2886 ad
284 2829 477 2908 quaerendum
497 2832 607 2890 virtutis
627 2831 687 2889 eius
707 2829 946 2910 experimentum
971 2845 1030 2884 uno
1054 2831 1191 2886 contexto
1210 2825 1267 2906 legi

142 2915 250 2990 posset.
269 2905 462 2967 Tentaveruat
485 2929 531 2970 me
555 2918 584 2970 et
607 2907 809 2992 probaverunt,
836 2906 965 2987 quamvis
991 2907 1047 2964 iam
1071 2925 1145 2986 opus
1169 2925 1267 2966 meum

143 2989 289 3048 vidissent.
329 2985 367 3046 Et
390 2995 466 3047 corte
490 2990 564 3048 iusta
588 2983 659 3050 haec
677 2987 733 3049 Dei
756 2988 931 3069 querimonia
956 2983 1019 3060 luit,
1043 3005 1133 3065 quum
1153 2989 1197 3045 tot
1216 2986 1267 3044 do·

143 3065 285 3127 sumentis
302 3073 433 3126 testatam
453 3069 596 3150 praeclare
615 3069 727 3130 lecisset
746 3087 826 3127 suam
841 3065 996 3148 potentiam
1017 3064 1162 3144 apudeos,
1180 3085 1266 3146 quse-

142 3150 213 3207 sisse
241 3155 336 3206 tamen
364 3165 469 3206 novam
518 3149 701 3208 robationem.
741 3147 842 3208 Potest
867 3151 963 3206 tamen
976 3145 1127 3226 prodendi
1150 3146 1269 3204 rerhum

144 3228 225 3284 aliter
249 3227 331 3296 sumi,
362 3225 418 3286 hoe
437 3247 464 3284 m
505 3248 532 3296 o,
561 3227 719 3288 Tentaruut
743 3247 790 3288 me
809 3215 907 3286 Patres
933 3227 1028 3296 vestri,
1059 3241 1148 3304 quum
1168 3225 1204 3283 ed
1224 3233 1268 3284 tot

144 3325 208 3365 mea
228 3305 361 3365 beneficia
386 3309 584 3381 caecutientes,
608 3315 777 3388 quaererent
801 3305 915 3366 ubinam
940 3311 1014 3364 esset
1032 3302 1122 3362 Deus.
1161 3302 1268 3365 Proba-

146 3391 213 3446 ruut
231 3387 327 3465 igitur,
348 3385 402 3444 lroc
421 3393 473 3458 est,
493 3407 523 3446 re
543 3389 604 3467 ipsa
624 3389 735 3468 experti
754 3391 834 3446 sunt:
855 3387 989 3464 quianon
1010 3383 1103 3444 destiti
1122 3385 1199 3466 apud
1218 3403 1269 3444 eos

168 3467 321 3525 raesentiae
341 3467 508 3546 meaesigna
525 3469 767 3547 palamexrerere,
787 3465 914 3544 adeoque
925 3463 1055 3522 viderunt
1069 3481 1142 3542 opus
1162 3483 1268 3524 meum.

145 3487 294 3604 llunmrir
314 3563 426 3604 sensnm
447 3547 543 3627 eligas,
562 3547 620 3607 huo
638 3547 729 3606 tendit
749 3545 897 3607 eonsilium
918 3541 1086 3623 Prophetae,
1106 3545 1199 3602 minus
1219 3563 1268 3602 ex-

144 3624 282 3684 cusabiles
302 3623 388 3684 luisse
407 3623 535 3700 ludaeos,
555 3627 633 3707 quod
652 3623 709 3688 Dei
728 3627 862 3684 virtutem
883 3623 920 3682 de
937 3629 1050 3703 quatot
1069 3623 1270 3702 experimentis

143 3703 238 3764 edocti
257 3704 378 3777 inerant
420 3695 668 3786 uesi'incognitam
689 3705 817 3788 patelieri
835 3703 887 3762 sibi
912 3710 1056 3782 cuperent.
1098 3703 1270 3780 (inserendo

97 3777 103 3792 '
144 3803 197 3841 cur
215 3782 281 3844 illos
301 3781 381 3844 Deus
398 3727 564 3846 destitueret
583 3786 646 3845 cibo
666 3793 695 3845 et
714 3794 795 3866 potu,
814 3783 924 3844 etiamsi
943 3781 1053 3842 nullum
1073 3779 1138 3843 ante
1157 3786 1271 3864 signum

99 3921 102 3926 .
144 3862 244 3922 datum
267 3871 350 3938 essct.¹
375 3885 455 3925 snam
475 3867 669 3947 intemperiem
689 3865 855 3946 prodebant,
879 3863 928 3923 sed
949 3883 1038 3944 quum
1058 3863 1138 3922 Deus
1157 3873 1270 3923 exserta

144 3961 233 4002 mann
252 3946 384 4005 traxisset
402 3964 452 4004 eos
471 3965 508 4005 ex
527 3945 671 4034 Aegypto,
690 3953 791 4026 totque
810 3943 965 4004 luculentis·
979 3943 1145 4008 testimoniis
1165 3965 1196 4006 se
1215 3945 1270 4006 illis

144 4026 339 4103 propinquum
363 4041 424 4084 esse
448 4032 641 4104 monstrasset,
670 4026 717 4086 uhi
742 4027 869 4087 dubitant
894 4023 930 4084 de
955 4024 1016 4084 eius
1036 4026 1193 4104 praesentia
1212 4027 1270 4084 acsi

62 4175 65 4181 Ι
145 4110 212 4162 autc
231 4101 331 4162 luisset
350 4104 539 4176 absconditus,
558 4125 691 4185 perversa
711 4107 823 4172 oblivio
837 4105 942 4162 crimea
963 4113 1056 4183 auget.
1090 4103 1188 4184 ltaque
1208 4125 1268 4166 cm·

120 4181 229 4240 'nibus
248 4185 390 4262 expensis,
410 4185 451 4243 sic
469 4184 610 4246 resolvere
629 4188 705 4247 malo
721 4176 880 4267 Prophetae
900 4185 994 4256 rerha,
1013 4183 1205 4246 'tentaverunt
1224 4205 1271 4244 me

145 4259 245 4321 Patres
265 4263 362 4336 vestri,
387 4275 479 4343 quum·
501 4269 595 4323 tamen
615 4268 682 4326 satis
707 4283 849 4346 superque
869 4262 1044 4344 probassent,
1068 4261 1187 4326 horest
1206 4285 1271 4324 serr-

146 4342 249 4402 sissent
268 4344 344 4402 reris
363 4349 392 4402 et
411 4343 494 4402 claris
515 4345 690 4404 documentis
714 4365 761 4406 me
784 4363 868 4405 sunm
888 4363 950 4402 esse
969 4342 1075 4414 Deum,
1104 4347 1164 4406 imo
1184 4363 1270 4428 opera

144 4439 208 4483 mea
227 4423 283 4484 iilis
301 4421 421 4485 tuissent
439 4425 600 4505 conspicua.
630 4425 727 4506 Atque
745 4425 816 4488 haee
834 4423 1062 4505 doctrinamque
1080 4425 1116 4486 ad
1135 4445 1188 4488 aas
1208 4447 1270 4510 per-
