2862 4888
182 251 220 306 30
497 245 500 259 ’
606 242 891 307 r.,crnvrrsus
966 211 970 222 ⁴

184 371 325 440 conciliat,
344 367 503 428 communis
525 364 564 424 sit
583 363 728 424 omnibuas
752 362 882 424 videmus
906 367 1004 424 tumen
1026 368 1059 422 nt
1073 361 1168 424 vcertis
1192 362 1224 422 in
1244 360 1327 424 lucis
1368 385 1372 390 ·

184 452 290 512 excitet
311 447 390 507 Deus
431 448 472 506 ios
502 443 643 504 doctores.
684 441 858 522 Quanquam
878 441 1019 504 nunsula
1038 459 1099 502 vox
1122 447 1241 502 exterus
1260 440 1320 502 sul-

184 529 293 602 ficeret‚
312 525 402 588 nisie
436 525 539 584 oscitet
562 523 598 582 ad
624 523 805 584 retraheret
829 523 1050 602 quosvocavit.
1091 518 1227 582 Cemrum
1251 523 1321 601 quia

186 611 269 670 docet
287 607 334 668 hic
352 606 434 666 locus
453 604 563 663 nullam
587 623 648 662 esse
672 603 762 682 magis
788 599 931 662 exitialem
950 607 1070 682 pestem,
1090 619 1177 681 quum
1197 601 1321 682 propriis

186 689 310 750 consiliis
329 687 399 765 regi,
418 682 488 743 nihil
508 681 584 742 uliud
597 688 726 764 superest
745 682 799 742 nisi
819 678 1216 763 utprudeutiassrnisvalere
1233 681 1321 756 iussa,

186 768 327 850 Spiritum
346 781 499 846 sequamur
517 761 628 822 ducem.
733 775 740 786 ’

144 971 146 984 ’
279 955 331 1026 14.
353 955 384 1023 0
405 954 432 1022 si
453 951 592 1045 populus
619 973 710 1020 meus
726 952 875 1024 audisset
896 973 959 1035 me,
984 949 1080 1020 lsratil
1106 951 1139 1019 iu
1160 950 1221 1018 viis
1242 951 1323 1018 meis

150 1102 155 1112 ·
189 1061 389 1133 ambolasset
435 1059 486 1127 15.
509 1057 604 1126 Brevi
625 1058 770 1132 inimicos
792 1081 903 1126 eorum
919 1057 1149 1140 humiliassem,
1172 1067 1205 1125 et
1226 1081 1322 1148 super

77 1183 80 1188 '
189 1166 384 1240 adversarios
410 1188 523 1234 eorum
550 1164 714 1233 vertissem
741 1187 873 1235 mrum
894 1187 1013 1232 meam:
1059 1164 1111 1232 16.
1126 1153 1259 1232 'Osores
1279 1162 1324 1231 le-

189 1275 293 1344 bovae
315 1270 438 1360 mentiti
466 1270 599 1342 luissent
625 1269 691 1354 illi,
710 1281 744 1340 et
770 1270 882 1339 luisset
909 1281 1037 1362 tempus
1058 1269 1200 1364 ipsorum
1222 1270 1255 1336 iu
1277 1291 1324 1336 se

190 1379 312 1450 culum:
359 1377 411 1447 17.
438 1375 481 1445 Et
506 1376 665 1470 pavissem
692 1375 763 1446 illos
789 1375 881 1476 adipe
908 1377 1071 1463 frumenti,
1098 1387 1131 1448 et
1156 1373 1250 1446 melle
1278 1397 1323 1442 sa

189 1487 319 1556 tiassem
340 1493 373 1552 te
395 1507 413 1554 e
435 1494 533 1578 petra.

124 1696 129 1705 ,
270 1633 319 1694 14.
341 1633 368 1691 0
387 1637 414 1691 st
431 1632 560 1712 populus
578 1651 666 1690 merse
706 1627 813 1690 Iterum
837 1625 995 1690 honorifico
1020 1625 1114 1710 elogio
1139 1626 1275 1714 probrum
1294 1632 1324 1688 et

192 1707 317 1774 dedecus
338 1709 437 1790 populi
457 1709 556 1768 melius
577 1708 695 1790 detegit:
716 1709 783 1790 quia
803 1707 911 1790 duplex
930 1708 984 1769 luit
997 1709 1033 1768 lla
1054 1709 1144 1784 ’tioro,
1164 1727 1253 1788 quum
1273 1727 1322 1767 vo·

193 1792 306 1852 catione
324 1796 417 1849 essunt
436 1789 560 1871 populos
576 1786 641 1864 Dei,
659 1787 729 1849 nibil
749 1787 785 1848 ab
804 1789 980 1849 alienissimis
995 1729 1125 1865 dodim:
1145 1789 1228 1848 sicuti
1247 1785 1324 1868 apud

193 1871 320 1943 leucium,
345 1873 373 1942 1,
393 1871 422 1931 3.
448 1869 639 1948 conqueritur,
663 1867 721 1929 Bos
745 1869 880 1950 coguovit
904 1887 1097 1950 possessorem
1115 1887 1209 1940 suum,
1227 1867 1325 1928 asinus

196 1967 333 2034 praesepe
357 1947 463 2007 donini
487 1949 544 2006 sui:
569 1947 692 2030 populus
711 1953 808 2008 autem
827 1967 908 2008 meus
927 1967 986 2009 non
1005 1947 1145 2028 iutelligit.
1184 1946 1264 2026 Quia
1283 1945 1324 2005 di-

194 2033 251 2091 ctio
271 2003 313 2100 qt,
333 2027 410 2110 apud
428 2025 574 2087 Hebraeos
598 2047 658 2086 non
677 2031 721 2088 est
739 2027 944 2102 conditionalis,
968 2026 1019 2087 sed
1039 2029 1174 2108 optativa,
1193 2047 1251 2092 uon
1272 2025 1326 2086 du·

196 2109 255 2170 bito
276 2107 345 2188 quin
364 2105 445 2166 Dens
467 2108 556 2166 instar
573 2107 711 2186 gementis
730 2107 871 2167 exclamet
894 2109 1033 2168 miserum
1056 2127 1117 2168 esse
1136 2106 1213 2168 bunc
1231 2126 1327 2188 popu·

163 2191 166 2220 ³
196 2187 265 2261 lom,
285 2189 334 2268 qui
354 2186 438 2246 saluti
457 2205 525 2256 suae
544 2179 650 2266 optime
670 2185 780 2250 consuli
798 2194 901 2268 sponte
919 2189 1099 2248 reconvenit.
1138 2185 1230 2248 Putris
1249 2185 1327 2246 enim

172 2247 603 2419 'zttttttttd'lutt
613 2265 1327 2420 istst?.tttt¹'...¹‘.⁰.12tt.t¹t⁰‘lilii:
1409 2351 1410 2358 Ν

197 2425 275 2511 quod
296 2425 436 2486 obnoxius
456 2427 494 2486 sit
513 2423 642 2485 lrumlnis
661 2423 853 2507 passionibus,
882 2425 931 2486 sed
956 2368 1024 2506 quii
1048 2367 1327 2504 aliter⁶sunm’orgs

197 2528 251 2570 nos
270 2525 399 2568 amorem
417 2507 576 2586 exprimere
595 2525 653 2564 non
673 2504 960 2585 potest..Acvidetur
975 2503 1117 2602 Propheta
1136 2505 1231 2566 locum
1251 2503 1328 2566 bunc

198 2593 343 2650 mutuatus
367 2605 406 2645 ex
430 2585 550 2644 Castico
574 2583 676 2659 Musis,
705 2581 792 2644 Dent.
812 2587 862 2658 32,
882 2586 930 2647 29.
956 2584 1005 2646 ubi
1029 2587 1130 2648 iisdem
1154 2587 1214 2646 lere
1233 2583 1327 2645 verbis

150 2691 152 2698 ·
198 2666 330 2748 deplorat
341 2665 447 2802 populi
467 2664 660 2746 pervicaciam.
698 2660 867 2724 Butuntum
890 2663 937 2724 hic
962 2665 1048 2725 tacita
1071 2664 1269 2746 exprobratio,
1293 2669 1329 2722 'ut

145 2736 150 2756 '
198 2749 289 2807 sciunt
307 2743 340 2804 Iu
360 2745 403 2804 uei
428 2743 540 2804 nonnisi
565 2762 617 2823 per
640 2761 722 2803 suam
746 2743 882 2804 malitiam
906 2744 1017 2804 stetisse
1041 2747 1194 2826 quominus
1219 2744 1329 2824 optimc

200 2824 325 2886 baberet.
345 2821 443 2903 Siquis
453 2823 575 2897 obiiciat,
592 2822 698 2883 frustra
708 2825 806 2884 etsiue
819 2824 928 2884 ratione
937 2821 1033 2884 Deum
1047 2825 1193 2907 conqueri,
1213 2821 1329 2904 quando

198 2907 230 2966 in
248 2905 309 2965 eins
327 2901 442 2963 arbitrio
460 2901 515 2962 luit
533 2903 647 2964 flectere
666 2903 751 2964 duras
770 2903 870 2986 populi
888 2904 1028 2964 cervices:
1056 2924 1135 2965 nunc
1153 2903 1267 2985 quando
1288 2901 1328 2961 la·

199 2997 265 3048 cert
284 3002 342 3043 non
362 2980 455 3054 libuit,
479 3002 538 3042 uon
557 3000 620 3043 esse
639 3001 691 3042 cur
708 3001 739 3042 sc
758 2981 866 3044 homiui
885 2982 992 3044 dolenti
1011 2990 1170 3066 comparet:
1200 2981 1329 3062 Respon-

140 3089 145 3100 ¹
169 3069 178 3084 ‘
199 3064 264 3138 deo,
293 3063 370 3122 iuste
388 3061 419 3121 id
438 3061 499 3122 lieri
518 3068 616 3124 nostra
635 3080 731 3136 causa,
759 3082 796 3123 ne
816 3061 986 3136 intelicitatis
1004 3069 1117 3124 nostrum
1136 3062 1250 3144 culpam
1264 3061 1330 3121 alibi

199 3161 287 3224 qnam
306 3143 336 3202 in
364 3140 445 3202 nobis
475 3159 652 3238 quaeramus.
691 3141 751 3237 §ed
770 3141 817 3202 bic
835 3140 995 3236 cavendum
1012 3163 1049 3203 ne
1068 3161 1114 3203 res
1133 3141 1259 3202 diversas
1278 3141 1331 3200 mi·

199 3225 766 3380 stitts².t⁰t.⁰tttttt;⁰tt
781 3221 1332 3382 trittttttlttltl.
1409 3295 1410 3354 ³

103 3449 107 3460 ,
200 3383 323 3442 invitans
343 3399 456 3460 omues,
480 3381 621 3440 neminem
640 3381 800 3442 frustratur.
839 3378 1012 3461 Quicunque
1031 3382 1107 3442 euim
1127 3381 1258 3454 veniunt,
1282 3379 1330 3439 ad·
1409 3437 1410 3458 ,

130 3497 134 3506 ι
158 3511 163 3515 .
200 3460 289 3531 missi,
307 3461 433 3520 rendunt
450 3479 509 3520 non
524 3460 573 3518 abs
587 3479 618 3520 re
633 3477 665 3519 sc
676 3461 762 3520 fuisse
776 3467 902 3520 vocatos.
921 3459 1036 3521 Interim
1055 3480 1093 3521 ex
1112 3459 1192 3522 sonte
1211 3477 1332 3520 arcanae

199 3540 347 3602 electionis
367 3547 462 3600 manat
481 3539 538 3600 boc
557 3539 722 3622 discrimen,
752 3546 786 3600 ut
810 3540 1017 3622 inpactorum
1037 3539 1123 3600 corda
1144 3537 1263 3600 vositum
1283 3557 1332 3620 pe·
1409 3585 1410 3603 .

115 3681 123 3686 .
201 3626 305 3690 netret,
323 3619 444 3679 aliorum
464 3637 546 3679 aures
567 3617 696 3678 verberet
715 3617 859 3680 duntaxat.
881 3617 923 3679 Ne
945 3640 981 3681 ue
999 3627 1096 3680 umen
1115 3618 1269 3680 absurdum
1289 3622 1334 3677 est
1409 3611 1410 3642 ¹

202 3720 269 3761 eum
289 3699 418 3760 flebiliter
443 3699 578 3779 conqueri
599 3698 635 3758 dc
655 3705 751 3758 nostm
771 3701 892 3760 amentia
912 3641 1038 3759 sitnon
1058 3717 1199 3782 paremus.
1239 3695 1334 3756 Sicuti

202 3780 280 3855 enim
302 3777 390 3838 verbo
414 3785 533 3839 externo
558 3797 619 3837 nos·
634 3778 768 3852 invitans,
797 3786 906 3858 patrem
932 3777 1061 3840 exhibet:
1091 3799 1143 3840 cur
1165 3798 1225 3839 non
1247 3779 1334 3837 etism

224 3859 292 3918 atris
310 3858 461 3939 imaginem
480 3858 647 3918 referretis
667 3857 721 3917 bac
740 3855 832 3918 lorma
852 3857 1063 3938 querimoniae?
1081 3855 1156 3931 Vere
1170 3856 1246 3918 enini
1257 3853 1333 3938 apud

202 3879 381 3998 Ezechielem
400 3940 449 4009 18,
467 3939 516 4000 32.
558 3938 701 4006 rouuntiat
719 3955 749 3997 se
769 3938 846 3998 nolle
864 3945 986 3997 mortem
1006 3939 1171 4020 peooatmis,
1190 3937 1277 4002 modo
1297 3955 1335 3995 ex

98 4081 103 4088 ,
135 4043 143 4058 .
203 4023 267 4078 toto
286 4022 424 4078 contextu
443 3959 561 4077 renuidis
579 4023 609 4076 et
627 4037 685 4077 nou
704 4019 878 4078 contentiose
898 4023 1011 4096 petatur
1029 4019 1090 4078 eius
1109 4017 1177 4078 dicti
1195 4017 1255 4076 inte
1291 4033 1335 4074 re-

205 4097 286 4157 tatio.
316 4093 382 4158 Nou
401 4096 465 4156 vult
476 4103 617 4157 mortem:
643 4097 809 4176 quomodo?
836 4116 940 4176 nempe
960 4098 1027 4178 quia
1047 4096 1110 4155 vult
1129 4113 1264 4155 omuesa
1304 4113 1335 4154 se
1409 4130 1410 4148 .

205 4178 356 4258 conuerti„
382 4175 458 4234 Satis
477 4195 546 4235 uero
571 4182 682 4236 constat
706 4197 763 4236 nou
788 4195 851 4236 esse
869 4175 943 4236 huuc
962 4176 1177 4238 couversionem
1196 4177 1226 4234 in
1246 4173 1335 4234 libero

206 4251 354 4314 himinum
379 4255 509 4330 arbitrio,
538 4253 630 4314 donec
654 4274 691 4315 ex
715 4254 847 4315 cordibus
856 4256 988 4335 *lapideis
1012 4255 1093 4316 Deus
1118 4273 1220 4316 carnea
1246 4253 1336 4314 reddi·

207 4332 290 4394 derit:
310 4335 368 4394 iuro
389 4335 536 4396 mnovatio
555 4333 627 4396 baec
647 4337 692 4412 (ut
711 4335 781 4396 scite
800 4335 977 4416 Augustinus
996 4335 1094 4411 docet)
1114 4335 1176 4418 ipsa
1195 4334 1337 4415 creatione
