2884 4886
503 268 543 308 ιιι
573 265 841 314 ιιιιιι.,υιινι.
910 305 918 316 ,
1203 271 1257 330 sta

120 413 180 476 que
202 393 286 456 sicali
310 389 465 470 impiorum
488 389 626 456 securitas
651 393 704 462 est,
729 387 832 470 procul
848 407 868 468 a
887 385 954 450 Deo
972 389 1118 452 recederm
1141 394 1181 453 ita
1200 394 1257 469 boc

122 495 182 538 uuo
202 475 242 553 pii
261 492 292 534 se
312 471 412 535 beatos
431 472 595 544 aestimant,
614 465 788 548 qoodDeus
807 475 899 530 totam
918 488 1018 530 eorum
1038 472 1129 535 uitam
1146 475 1256 554 dirigat,

122 551 275 691 ΜΨ
353 569 427 612 ⁰⁸⁰
447 547 1258 694 Βῗιήξιὲιῗῖῗῖῗὲζέῗέιῗὶξίῗιῖἓδῗὲιῗῗὶιῖω

122 639 557 852 ἴξιῑειῇιιιιοΐιιᾞμὶίι
575 670 637 771 seis
656 710 808 772 momentis
827 671 934 772 instar’e
953 652 1052 774 novod
1064 655 1259 790 interimendi

123 811 178 859 nos
207 809 248 855 rc
290 809 332 852 vis
379 809 420 853 ur.

152 913 155 933 ¹
242 905 260 950 0

125 1015 130 1026 '
216 1009 267 1078 10.
290 1003 426 1096 Credidi,
450 1007 523 1100 quia
536 1006 670 1100 loquar:
693 1032 752 1101 ego
775 996 1101 1079 alssictussumvalde.
1127 963 1259 1105 ttEgo

124 1114 194 1184 dixi
214 1116 248 1186 in
269 1114 476 1207 trepidatione
496 1139 578 1199 mea,
600 1115 712 1185 Omnis
733 1115 833 1184 tomo
849 1117 996 1186 mendax.

206 1280 255 1344 10.
277 1279 403 1342 Credidi.
442 1277 548 1340 lterum
572 1281 783 1360 recitaturum
808 1295 912 1360 magno
931 1279 961 1338 in
981 1277 1141 1340 discrimine
1166 1274 1261 1342 versess

129 1365 179 1420 tus
196 1360 249 1418 sita
273 1357 333 1438 qno
357 1357 460 1422 melios
482 1359 594 1420 eluceat
617 1358 789 1422 libentionis
813 1358 990 1420 miraculum
1035 1357 1093 1420 Sed
1118 1360 1263 1440 praelator
1305 1413 1310 1422 ,

129 1457 162 1500 se
181 1458 220 1500 ea
239 1439 352 1500 siucero
371 1437 458 1500 animi
477 1453 562 1500 moen
582 1439 670 1520 loqm',
690 1459 743 1502 nco
763 1438 839 1500 aliod
859 1458 909 1500 ore
949 1437 1058 1500 referre
1076 1457 1163 1520 quam
1183 1439 1263 1519 quod

129 1518 190 1578 diu.
204 1517 370 1580 meditatam
394 1523 424 1578 et
443 1516 533 1596 probe
551 1526 720 1580 concoctum
740 1517 885 1580 habuerat.
923 1459 989 1579 iios
1007 1520 1178 1580 enimvrtet
1198 1539 1263 1612 par·

129 1597 233 1672 lienis,
251 1595 374 1672 Credidi,
394 1599 461 1676 quia
481 1598 599 1678 loquar,
627 1599 713 1660 verbe
733 1617 771 1660 ex
789 1600 863 1658 serio
883 1599 970 1660 animi
988 1598 1092 1658 ellectu
1112 1597 1261 1678 proficisci.

127 1675 248 1750 Paulus,
266 1681 295 1737 2.
315 1675 352 1739 sd
372 1675 502 1739 Cariath.
522 1696 584 1759 cap.
605 1679 634 1752 d,
654 1681 701 1742 13.
720 1678 820 1740 locum
837 1679 914 1738 lmno
933 1679 1032 1753 citans,
1051 1675 1189 1738 Graecam
1202 1697 1263 1738 ver·

128 1759 252 1819 sionem»
338 1758 344 1771 ’
398 1755 560 1830 ,Credidi,
584 1765 736 1840 propterea
761 1758 1007 1838 inquisiturum·
1030 1755 1264 1838 Sedquieelibi
1397 1811 1401 1818 .

129 1835 266 1898 admonui
372 1821 439 1902 btio
461 1856 520 1899 non
544 1837 632 1898 luisse
654 1838 833 1918 propositum
856 1837 982 1917 singulas
1005 1855 1091 1896 voces
1110 1843 1161 1897 aut
1179 1837 1264 1914 sylla·

130 1915 181 1979 bes
205 1915 326 1990 rotare
349 1915 473 1978 saltem
491 1915 611 1980 Doridis
635 1917 724 1978 verba
746 1919 845 1979 nativo
869 1935 955 1978 sensu
980 1918 1095 1997 proprie
1118 1918 1210 1996 aptari
1228 1915 1265 1976 ad

36 2001 43 2015 “
125 2005 247 2056 mnsam
310 2013 345 2056 ae
367 1996 428 2056 illie
451 2015 469 2058 a
489 1995 580 2058 Paulo
604 2005 749 2060 macutum
789 1995 947 2076 Postquam
972 1997 1048 2056 enim
1068 1995 1183 2075 oblique
1202 2015 1264 2075 per·

132 2075 249 2138 strinxit
312 2075 446 2148 rintbios,
472 2077 522 2156 qui
547 2085 594 2138 ten
618 2096 682 2138 uam
702 2077 827 2156 exempti
847 2077 1088 2140 commonitorie
1107 2075 1265 2152 bominum,

133 2173 166 2216 se
189 2170 277 2236 sopra
294 2153 385 2216 nubes
403 2156 570 2218 etlerebaotr
591 2097 616 2218 d

618 2157 721 2230 radidi,
742 2157 844 2235 inquit,
864 2163 1012 2234 propterea
1031 2154 1170 2234 loquutus
1188 2173 1265 2214 suma
1398 2207 1402 2220 ,

134 2233 186 2314 qni
209 2231 297 2294 semel
320 2235 454 2298 excitavit
473 2235 620 2298 Christum
644 2237 816 2310 emortuis,
842 2231 948 2294 Christi
974 2253 1090 2314 quoque
1113 2233 1203 2294 vitam
1228 2233 1265 2294 ad
1374 2215 1391 2253 ”

133 2331 300 2394 nucesque
319 2315 464 2376 extendet:
482 2315 540 2396 'hoc
559 2323 617 2390 eal,
639 2335 694 2396 ego
713 2315 812 2388 credo,
837 2319 866 2374 ei
885 2313 949 2372 ideo
968 2313 1081 2393 loquor.
1120 2313 1189 2373 lnde
1208 2315 1267 2378 cole

132 2391 211 2472 tigit,
240 2392 327 2455 multa
349 2395 481 2456 iactantia
506 2396 651 2478 superbire
676 2393 855 2456 Corinthios:
880 2393 948 2474 quis
966 2411 1025 2452 non
1044 2391 1189 2454 humiliter
1207 2411 1266 2454 am-

134 2473 288 2554 plexentur
307 2471 415 2534 Christi
434 2495 558 2547 crucem,
578 2495 666 2556 quum
687 2475 787 2536 eodem
807 2473 873 2558 fidei
893 2471 1002 2554 Spiritu
1022 2471 1099 2553 ipsos
1119 2472 1199 2551 loqui
1219 2473 1267 2532 de·

133 2559 205 2617 eost
236 2549 376 2630 Quemvis
395 2562 492 2616 auten
511 2554 632 2616 Hebraei
652 2555 767 2635 quidam
787 2554 956 2633 interpretes
976 2551 1144 2632 particulam
1164 2555 1203 2620 Ὁ
1218 2553 1267 2612 ad.

133 2634 275 2694 versetive
293 2635 572 2714 accipinut„reotior
590 2642 687 2696 tamen
705 2653 803 2698 sensns
823 2639 880 2706 est,
900 2651 987 2711 quem
1006 2633 1092 2692 etiam
1112 2632 1269 2694 doctissimi

155 2711 270 2786 rebant,
300 2711 366 2773 Nou
390 2713 494 2796 loquar
513 2709 566 2776 nisi
586 2716 665 2796 quod
684 2709 780 2775 animo
800 2716 932 2793 concepi,
962 2713 1174 2774 circumstantia
1193 2713 1270 2772 enim

131 2731 192 2852 ioci
211 2789 272 2852 boc·
285 2791 383 2872 eripit,
400 2801 549 2857 externam
567 2795 681 2876 linguae
700 2793 904 2884 professionem
923 2809 990 2852 cnm
1001 2808 1069 2854 vero
1080 2792 1270 2856 cordissensu
1291 2825 1297 2834 -

134 2889 304 2951 congruere:
333 2876 407 2969 sieut
434 2874 520 2970 mulii
545 2875 665 2970 inulto·
708 2875 817 2970 arripui
842 2871 920 2954 qood
944 2871 1140 2966 nunqnamuin
1160 2874 1271 2932 animos

135 2957 512 3113 ”limittit
532 2951 1271 3113 &instititutistitii

159 3110 222 3170 dem
248 3129 308 3172 non
331 3131 416 3192 posse
440 3116 469 3172 io
494 3113 627 3176 cordibus
646 3119 789 3176 mortuam
809 3111 896 3172 latere
916 3115 986 3192 quin
1005 3119 1140 3191 emergat.
1182 3111 1272 3193 Spiri-
1353 3147 1360 3162 ·

135 3197 185 3250 tus
208 3190 284 3250 enim
308 3209 389 3252 sacro
414 3193 528 3254 vinculo
552 3193 639 3256 iidem
664 3195 756 3254 cordis
781 3192 829 3252 trio
847 3193 964 3271 copnlnt
983 3207 1049 3250 cum
1068 3200 1186 3252 externa
1206 3211 1300 3254 cou-

134 3268 270 3344 fessionc,
289 3289 363 3351 qnae
383 3278 478 3334 eutem
491 3271 570 3334 Deus
589 3273 746 3347 coniunxit,
766 3271 853 3332 bomo
873 3289 911 3330 ne
930 3277 1050 3351 separet.
1091 3271 1190 3351 ltaque
1211 3292 1273 3352 per·
1337 3271 1346 3294 ‘

136 3347 196 3408 fide
219 3353 313 3418 totum
333 3349 389 3412 Dei
413 3352 536 3418 verbum
552 3359 740 3434 corrumpunt
760 3349 951 3424 simulatores,
981 3351 1031 3428 qni
1051 3349 1137 3411 fidem
1155 3351 1275 3414 libenter
1361 3348 1372 3362 “

137 3427 293 3498 obruerent
315 3431 346 3492 in
370 3431 501 3500 tenebris.
542 3430 601 3494 Sed
626 3431 835 3494 meminerimus
854 3431 930 3508 exigi
949 3447 966 3489 a
985 3429 1050 3492 liliis
1070 3429 1127 3490 Dei
1147 3431 1274 3492 ordinem

138 3526 225 3648 w
249 3511 418 3608 praeseribit¹
436 3511 544 3586 David,
569 3519 606 3608 ιιιΙ
627 3519 693 3609 sonte
716 3509 1056 3608 oredaotnquamulingps
1075 3508 1274 3590 profiteantur.

161 3669 167 3682 Ι
190 3607 273 3684 erum
295 3592 435 3686 (nt-dixu)
457 3593 493 3652 de
511 3593 705 3674 magnitudine
723 3589 842 3672 penculi
861 3609 906 3650 sm
925 3589 1050 3666 Quarti,
1075 3609 1134 3672 quo
1153 3589 1275 3690 salutem

139 3667 274 3730 drunrtm
299 3670 352 3730 sobo
378 3671 501 3732 oblatam
520 3675 611 3751 magis
630 3672 761 3732 illustret.
1316 3727 1320 3736 ,

219 3753 266 3812 11.
287 3751 434 3830 Egodtri
451 3761 484 3812 ιἰι
506 3756 702 3834 trepidatione
720 3773 793 3811 meo.
815 3747 941 3828 Quidam
961 3769 1066 3812 nomen
1086 3752 1152 3818 ῑΕΠ
1173 3749 1274 3831 prole·

140 3829 292 3888 situations
315 3829 363 3888 vel
382 3830 449 3909 luga
468 3829 634 3910 accipiente
654 3839 740 3913 atquo
759 3833 990 3910 interpretantur,
1008 3829 1166 3904 Davidem,
1185 3849 1276 3910 quum
1361 3816 1384 3862 ‘¹

140 3907 270 3966 celeriter
295 3905 406 3986 lugeret
429 3929 446 3970 a
466 3910 537 3970 lucie
556 3911 665 3986 Saulis,
685 3915 726 3972 sic
744 3911 832 3972 luisse
851 3911 1012 3990 loquutum.
1052 3909 1111 3970 Sed
1132 3912 1199 3991 qnia
1218 3916 1276 3970 tre-

140 3985 314 4064 pidationem
332 3987 528 4068 metaphorice
547 3992 699 4072 significat,
724 4011 782 4052 non
803 3989 902 4050 dubito
922 3991 993 4068 quin
1011 3992 1111 4050 recitet
1130 3988 1226 4049 David
1242 3987 1277 4050 h

140 4066 458 4162 consternetpmtinisse
477 4071 588 4144 animo,
606 4079 639 4133 ut
658 4072 741 4212 pansi
759 4072 787 4130 in
809 4070 974 4152 praecipitio
994 4076 1076 4130 esset.
1098 4068 1278 4168 Quumergp

142 4149 245 4284 titii
265 4150 1278 4311 tt¹¹5tttt¹titl⁰tttttttt’tittt‘ttitttfmtitit

141 4301 286 4366 Davidem
308 4306 392 4368 fateri
415 4315 518 4389 potent
541 4329 573 4372 se
598 4308 740 4370 dubitasse
763 4311 800 4372 de
824 4309 1011 4392 promissione
1036 4309 1090 4370 sibi
1113 4309 1208 4372 oblate
1228 4331 1281 4392 per
1415 4297 1423 4316 Χ

142 4381 318 4467 Prophetsm
343 4385 517 4452 samuelem
555 4388 631 4450 Erat
644 4391 767 4472 punem
794 4391 841 4452 ille
859 4392 944 4452 testis
964 4389 1095 4452 idonens:
1118 4393 1170 4454 sed
1190 4411 1279 4475 quum
