<?xml version="1.0" encoding="UTF-8"?>
<!DOCTYPE html PUBLIC "-//W3C//DTD XHTML 1.0 Transitional//EN"
    "http://www.w3.org/TR/xhtml1/DTD/xhtml1-transitional.dtd">
<html xmlns="http://www.w3.org/1999/xhtml" xml:lang="en" lang="en">
 <head>
  <title>
</title>
<meta http-equiv="Content-Type" content="text/html;charset=utf-8" />
  <meta name='ocr-system' content='tesseract 3.04.00' />
  <meta name='ocr-capabilities' content='ocr_page ocr_carea ocr_par ocr_line ocrx_word'/>
</head>
<body>
  <div class='ocr_page' id='page_1' title='image "./ioanniscalvinii04tholgoog_0236.png"; bbox 0 0 2890 4886; ppageno 0'>
   <div class='ocr_carea' id='block_1_1' title="bbox 549 290 1264 370">
    <p class='ocr_par' dir='ltr' id='par_1_1' title="bbox 549 290 1264 370">
     <span class='ocr_line' id='line_1_1' title="bbox 549 290 1264 370; baseline -0.004 -22"><span class='ocrx_word' id='word_1_1' title='bbox 549 290 902 353; x_wconf 73' lang='lat' dir='ltr'>erosaen.crv,‘</span> <span class='ocrx_word' id='word_1_2' title='bbox 1209 312 1264 370; x_wconf 79' lang='lat'>227</span> 
     </span>
    </p>
   </div>
   <div class='ocr_carea' id='block_1_2' title="bbox 119 429 1262 755">
    <p class='ocr_par' dir='ltr' id='par_1_2' title="bbox 119 429 1262 755">
     <span class='ocr_line' id='line_1_2' title="bbox 119 429 1262 499; baseline 0.003 -3"><span class='ocrx_word' id='word_1_3' title='bbox 119 443 168 498; x_wconf 77' lang='lat' dir='ltr'>tit.</span> <span class='ocrx_word' id='word_1_4' title='bbox 199 429 240 494; x_wconf 80' lang='lat' dir='ltr'>lit</span> <span class='ocrx_word' id='word_1_5' title='bbox 268 437 346 495; x_wconf 73' lang='lat' dir='ltr'>cede</span> <span class='ocrx_word' id='word_1_6' title='bbox 372 432 403 493; x_wconf 92' lang='lat' dir='ltr'>iu</span> <span class='ocrx_word' id='word_1_7' title='bbox 426 445 502 492; x_wconf 84' lang='lat' dir='ltr'>nora</span> <span class='ocrx_word' id='word_1_8' title='bbox 526 433 696 494; x_wconf 88' lang='lat' dir='ltr'>animalium.</span> <span class='ocrx_word' id='word_1_9' title='bbox 715 431 820 494; x_wconf 81' lang='lat' dir='ltr'>‘sobole</span> <span class='ocrx_word' id='word_1_10' title='bbox 843 432 954 494; x_wconf 78' lang='lat' dir='ltr'>udone</span> <span class='ocrx_word' id='word_1_11' title='bbox 983 433 1127 494; x_wconf 81' lang='lat' dir='ltr'>caruimus</span> <span class='ocrx_word' id='word_1_12' title='bbox 1155 453 1262 499; x_wconf 84' lang='lat' dir='ltr'>novam</span> 
     </span>
     <span class='ocr_line' id='line_1_3' title="bbox 119 509 1262 593; baseline 0.002 -17"><span class='ocrx_word' id='word_1_13' title='bbox 119 511 224 576; x_wconf 88' lang='lat' dir='ltr'>mundi</span> <span class='ocrx_word' id='word_1_14' title='bbox 243 513 428 574; x_wconf 71' lang='lat' dir='ltr'>medonem.</span> <span class='ocrx_word' id='word_1_15' title='bbox 452 509 540 590; x_wconf 87' lang='lat' dir='ltr'>Quod</span> <span class='ocrx_word' id='word_1_16' title='bbox 559 529 630 572; x_wconf 83' lang='lat' dir='ltr'>vero</span> <span class='ocrx_word' id='word_1_17' title='bbox 649 512 790 592; x_wconf 81' lang='lat' dir='ltr'>spiritum,</span> <span class='ocrx_word' id='word_1_18' title='bbox 810 531 896 592; x_wconf 87' lang='lat' dir='ltr'>quem</span> <span class='ocrx_word' id='word_1_19' title='bbox 915 511 995 593; x_wconf 91' lang='lat' dir='ltr'>priua</span> <span class='ocrx_word' id='word_1_20' title='bbox 1014 513 1180 576; x_wconf 83' lang='lat' dir='ltr'>animalium</span> <span class='ocrx_word' id='word_1_21' title='bbox 1199 533 1262 578; x_wconf 85' lang='lat' dir='ltr'>essa</span> 
     </span>
     <span class='ocr_line' id='line_1_4' title="bbox 120 589 1261 676; baseline 0.002 -22"><span class='ocrx_word' id='word_1_22' title='bbox 120 593 205 668; x_wconf 80' lang='lat' dir='ltr'>dixit,</span> <span class='ocrx_word' id='word_1_23' title='bbox 223 611 302 654; x_wconf 89' lang='lat' dir='ltr'>nnuc</span> <span class='ocrx_word' id='word_1_24' title='bbox 320 589 422 651; x_wconf 77' lang='lat' dir='ltr'><strong>tribuit</strong></span> <span class='ocrx_word' id='word_1_25' title='bbox 442 589 516 666; x_wconf 89' lang='lat' dir='ltr'>Deo,</span> <span class='ocrx_word' id='word_1_26' title='bbox 534 591 607 654; x_wconf 83' lang='lat' dir='ltr'>nihil</span> <span class='ocrx_word' id='word_1_27' title='bbox 626 592 657 654; x_wconf 90' lang='lat' dir='ltr'>iu</span> <span class='ocrx_word' id='word_1_28' title='bbox 675 610 711 652; x_wconf 87' lang='lat' dir='ltr'>eo</span> <span class='ocrx_word' id='word_1_29' title='bbox 730 593 934 674; x_wconf 65' lang='lat' dir='ltr'>repugnantiae</span> <span class='ocrx_word' id='word_1_30' title='bbox 951 599 1008 654; x_wconf 86' lang='lat' dir='ltr'>eat=</span> <span class='ocrx_word' id='word_1_31' title='bbox 1028 591 1110 654; x_wconf 86' lang='lat' dir='ltr'>Deus</span> <span class='ocrx_word' id='word_1_32' title='bbox 1130 594 1261 676; x_wconf 85' lang='lat' dir='ltr'>spiritum</span> 
     </span>
     <span class='ocr_line' id='line_1_5' title="bbox 121 670 1262 755; baseline 0.002 -23"><span class='ocrx_word' id='word_1_33' title='bbox 121 675 174 755; x_wconf 94' lang='lat' dir='ltr'>qui</span> <span class='ocrx_word' id='word_1_34' title='bbox 193 688 282 752; x_wconf 83' lang='lat' dir='ltr'>pones</span> <span class='ocrx_word' id='word_1_35' title='bbox 300 688 368 732; x_wconf 85' lang='lat' dir='ltr'>curn</span> <span class='ocrx_word' id='word_1_36' title='bbox 385 671 501 747; x_wconf 78' lang='lat' dir='ltr'>residet,</span> <span class='ocrx_word' id='word_1_37' title='bbox 519 671 623 732; x_wconf 87' lang='lat' dir='ltr'>emittit</span> <span class='ocrx_word' id='word_1_38' title='bbox 642 689 701 752; x_wconf 93' lang='lat' dir='ltr'>quo</span> <span class='ocrx_word' id='word_1_39' title='bbox 721 670 815 732; x_wconf 81' lang='lat' dir='ltr'>visura</span> <span class='ocrx_word' id='word_1_40' title='bbox 834 678 891 732; x_wconf 75' lang='lat' dir='ltr'>eata</span> <span class='ocrx_word' id='word_1_41' title='bbox 911 673 1031 734; x_wconf 86' lang='lat' dir='ltr'>simulac</span> <span class='ocrx_word' id='word_1_42' title='bbox 1043 673 1146 750; x_wconf 84' lang='lat' dir='ltr'>emisit,</span> <span class='ocrx_word' id='word_1_43' title='bbox 1166 675 1262 736; x_wconf 88' lang='lat' dir='ltr'>omnia</span> 
     </span>
    </p>
   </div>
   <div class='ocr_carea' id='block_1_3' title="bbox 120 737 1444 832">
    <p class='ocr_par' dir='ltr' id='par_1_3' title="bbox 120 737 1444 832">
     <span class='ocr_line' id='line_1_6' title="bbox 120 737 1444 832; baseline 0.003 -22"><span class='ocrx_word' id='word_1_44' title='bbox 120 759 266 826; x_wconf 70' lang='lat' dir='ltr'>amtor,</span> <span class='ocrx_word' id='word_1_45' title='bbox 284 750 341 812; x_wconf 91' lang='lat' dir='ltr'>boo</span> <span class='ocrx_word' id='word_1_46' title='bbox 358 751 448 812; x_wconf 88' lang='lat' dir='ltr'>modo</span> <span class='ocrx_word' id='word_1_47' title='bbox 467 750 546 832; x_wconf 84' lang='lat' dir='ltr'>qaod</span> <span class='ocrx_word' id='word_1_48' title='bbox 564 767 650 812; x_wconf 89' lang='lat' dir='ltr'>sunm</span> <span class='ocrx_word' id='word_1_49' title='bbox 669 757 743 824; x_wconf 86' lang='lat' dir='ltr'>erat,</span> <span class='ocrx_word' id='word_1_50' title='bbox 759 749 976 812; x_wconf 86' lang='lat' dir='ltr'>uoatmmiaeit.</span> <span class='ocrx_word' id='word_1_51' title='bbox 996 751 1133 814; x_wconf 82' lang='lat' dir='ltr'>Ceterum</span> <span class='ocrx_word' id='word_1_52' title='bbox 1145 752 1269 818; x_wconf 46' lang='lat' dir='ltr'>booron</span> <span class='ocrx_word' id='word_1_53' title='bbox 1388 791 1391 810; x_wconf 74' lang='lat'><strong>·</strong></span> <span class='ocrx_word' id='word_1_54' title='bbox 1443 737 1444 820; x_wconf 60' lang='lat' dir='ltr'>J</span> 
     </span>
    </p>
   </div>
   <div class='ocr_carea' id='block_1_4' title="bbox 120 825 1262 911">
    <p class='ocr_par' dir='ltr' id='par_1_4' title="bbox 120 825 1262 911">
     <span class='ocr_line' id='line_1_7' title="bbox 120 825 1262 911; baseline -0.001 -16"><span class='ocrx_word' id='word_1_55' title='bbox 120 835 178 895; x_wconf 84' lang='lat' dir='ltr'>tari</span> <span class='ocrx_word' id='word_1_56' title='bbox 195 830 428 894; x_wconf 71' lang='lat' dir='ltr'>Manichaeorum</span> <span class='ocrx_word' id='word_1_57' title='bbox 447 831 546 892; x_wconf 88' lang='lat' dir='ltr'>delirio</span> <span class='ocrx_word' id='word_1_58' title='bbox 565 825 636 892; x_wconf 87' lang='lat' dir='ltr'>nibil</span> <span class='ocrx_word' id='word_1_59' title='bbox 654 829 840 911; x_wconf 72' lang='lat' dir='ltr'>suffragatur,</span> <span class='ocrx_word' id='word_1_60' title='bbox 865 829 945 910; x_wconf 90' lang='lat' dir='ltr'>quod</span> <span class='ocrx_word' id='word_1_61' title='bbox 967 832 996 892; x_wconf 89' lang='lat' dir='ltr'>io</span> <span class='ocrx_word' id='word_1_62' title='bbox 1018 831 1145 892; x_wconf 85' lang='lat' dir='ltr'>deterius</span> <span class='ocrx_word' id='word_1_63' title='bbox 1163 840 1262 895; x_wconf 70' lang='lat' dir='ltr'>utera</span> 
     </span>
    </p>
   </div>
   <div class='ocr_carea' id='block_1_5' title="bbox 120 908 1352 974">
    <p class='ocr_par' dir='ltr' id='par_1_5' title="bbox 120 908 1352 974">
     <span class='ocr_line' id='line_1_8' title="bbox 120 908 1352 974; baseline 0.001 -1"><span class='ocrx_word' id='word_1_64' title='bbox 120 917 215 974; x_wconf 85' lang='lat' dir='ltr'>astate</span> <span class='ocrx_word' id='word_1_65' title='bbox 233 910 343 972; x_wconf 82' lang='lat' dir='ltr'>auxit&#39;</span> <span class='ocrx_word' id='word_1_66' title='bbox 395 929 464 972; x_wconf 87' lang='lat' dir='ltr'>arus</span> <span class='ocrx_word' id='word_1_67' title='bbox 483 910 532 970; x_wconf 87' lang='lat' dir='ltr'>ille</span> <span class='ocrx_word' id='word_1_68' title='bbox 550 911 627 972; x_wconf 90' lang='lat' dir='ltr'>oanis</span> <span class='ocrx_word' id='word_1_69' title='bbox 646 908 794 970; x_wconf 75' lang='lat' dir='ltr'>Servetur.</span> <span class='ocrx_word' id='word_1_70' title='bbox 814 908 1262 974; x_wconf 81' lang='lat' dir='ltr'>Dicebantidauicbseiaoimam</span> <span class='ocrx_word' id='word_1_71' title='bbox 1298 959 1305 970; x_wconf 82' lang='grc'><strong>.</strong></span> <span class='ocrx_word' id='word_1_72' title='bbox 1346 911 1352 918; x_wconf 75' lang='grc'><strong>’</strong></span> 
     </span>
    </p>
   </div>
   <div class='ocr_carea' id='block_1_6' title="bbox 122 989 1298 1708">
    <p class='ocr_par' dir='ltr' id='par_1_6' title="bbox 122 989 1298 1708">
     <span class='ocr_line' id='line_1_9' title="bbox 122 989 1262 1088; baseline -0.002 -34"><span class='ocrx_word' id='word_1_73' title='bbox 122 991 248 1054; x_wconf 66' lang='lat' dir='ltr'>lauduie</span> <span class='ocrx_word' id='word_1_74' title='bbox 265 991 358 1088; x_wconf 88' lang='lat' dir='ltr'>partic</span> <span class='ocrx_word' id='word_1_75' title='bbox 407 1009 438 1050; x_wconf 89' lang='lat' dir='ltr'>m</span> <span class='ocrx_word' id='word_1_76' title='bbox 455 1007 520 1051; x_wconf 87' lang='lat' dir='ltr'>esse</span> <span class='ocrx_word' id='word_1_77' title='bbox 539 989 627 1050; x_wconf 83' lang='lat' dir='ltr'>diviui</span> <span class='ocrx_word' id='word_1_78' title='bbox 646 991 772 1071; x_wconf 88' lang='lat' dir='ltr'>apiritus,</span> <span class='ocrx_word' id='word_1_79' title='bbox 791 997 822 1049; x_wconf 88' lang='lat' dir='ltr'>et</span> <span class='ocrx_word' id='word_1_80' title='bbox 834 1008 871 1050; x_wconf 84' lang='lat' dir='ltr'>aa</span> <span class='ocrx_word' id='word_1_81' title='bbox 891 991 954 1050; x_wconf 89' lang='lat' dir='ltr'>eius</span> <span class='ocrx_word' id='word_1_82' title='bbox 972 992 1087 1052; x_wconf 83' lang='lat' dir='ltr'>traduce</span> <span class='ocrx_word' id='word_1_83' title='bbox 1106 993 1194 1062; x_wconf 83' lang='lat' dir='ltr'>nasci,</span> <span class='ocrx_word' id='word_1_84' title='bbox 1214 993 1262 1052; x_wconf 86' lang='lat' dir='ltr'>bie</span> 
     </span>
     <span class='ocr_line' id='line_1_10' title="bbox 123 1069 1262 1152; baseline -0.002 -18"><span class='ocrx_word' id='word_1_85' title='bbox 123 1069 231 1134; x_wconf 81' lang='lat' dir='ltr'>nebulo</span> <span class='ocrx_word' id='word_1_86' title='bbox 250 1071 345 1132; x_wconf 76' lang='lat' dir='ltr'>ducere</span> <span class='ocrx_word' id='word_1_87' title='bbox 364 1069 635 1142; x_wconf 72' lang='lat' dir='ltr'>audentiores,</span> <span class='ocrx_word' id='word_1_88' title='bbox 661 1071 771 1144; x_wconf 85' lang='lat' dir='ltr'>asinos,</span> <span class='ocrx_word' id='word_1_89' title='bbox 795 1076 827 1130; x_wconf 84' lang='lat' dir='ltr'>et</span> <span class='ocrx_word' id='word_1_90' title='bbox 850 1072 936 1130; x_wconf 84' lang='lat' dir='ltr'>cados</span> <span class='ocrx_word' id='word_1_91' title='bbox 953 1089 1016 1130; x_wconf 85' lang='lat' dir='ltr'>esee</span> <span class='ocrx_word' id='word_1_92' title='bbox 1034 1078 1129 1152; x_wconf 87' lang='lat' dir='ltr'>partes</span> <span class='ocrx_word' id='word_1_93' title='bbox 1148 1071 1262 1133; x_wconf 73' lang='lat' dir='ltr'>divinae</span> 
     </span>
     <span class='ocr_line' id='line_1_11' title="bbox 123 1147 1262 1230; baseline -0.002 -16"><span class='ocrx_word' id='word_1_94' title='bbox 123 1151 275 1214; x_wconf 68' lang='lat' dir='ltr'>mutim.</span> <span class='ocrx_word' id='word_1_95' title='bbox 304 1148 462 1212; x_wconf 80' lang='lat' dir='ltr'>blmiobaei</span> <span class='ocrx_word' id='word_1_96' title='bbox 479 1149 582 1208; x_wconf 86' lang='lat' dir='ltr'>saltem</span> <span class='ocrx_word' id='word_1_97' title='bbox 601 1149 727 1210; x_wconf 76' lang='lat' dir='ltr'>colorem</span> <span class='ocrx_word' id='word_1_98' title='bbox 746 1147 825 1209; x_wconf 89' lang='lat' dir='ltr'>huno</span> <span class='ocrx_word' id='word_1_99' title='bbox 843 1149 1049 1224; x_wconf 76' lang='lat' dir='ltr'>obtendebant,</span> <span class='ocrx_word' id='word_1_100' title='bbox 1069 1151 1148 1230; x_wconf 90' lang='lat' dir='ltr'>quod</span> <span class='ocrx_word' id='word_1_101' title='bbox 1167 1153 1262 1212; x_wconf 87' lang='lat' dir='ltr'>anima</span> 
     </span>
     <span class='ocr_line' id='line_1_12' title="bbox 122 1226 1262 1326; baseline -0.002 -34"><span class='ocrx_word' id='word_1_102' title='bbox 122 1226 247 1292; x_wconf 87' lang='lat' dir='ltr'>bemiarie</span> <span class='ocrx_word' id='word_1_103' title='bbox 265 1229 388 1292; x_wconf 79' lang='lat' dir='ltr'>lor-mala</span> <span class='ocrx_word' id='word_1_104' title='bbox 406 1235 481 1290; x_wconf 86' lang='lat' dir='ltr'>esset</span> <span class='ocrx_word' id='word_1_105' title='bbox 499 1228 537 1287; x_wconf 85' lang='lat' dir='ltr'>ed</span> <span class='ocrx_word' id='word_1_106' title='bbox 557 1227 613 1288; x_wconf 87' lang='lat' dir='ltr'>Dei</span> <span class='ocrx_word' id='word_1_107' title='bbox 624 1229 798 1307; x_wconf 27' lang='lat' dir='ltr'>&#39;imaginem</span> <span class='ocrx_word' id='word_1_108' title='bbox 816 1229 867 1288; x_wconf 89' lang='lat' dir='ltr'>sed</span> <span class='ocrx_word' id='word_1_109' title='bbox 885 1229 960 1288; x_wconf 89' lang='lat' dir='ltr'>idem</span> <span class='ocrx_word' id='word_1_110' title='bbox 980 1231 1016 1289; x_wconf 81' lang='lat' dir='ltr'>od</span> <span class='ocrx_word' id='word_1_111' title='bbox 1036 1249 1140 1310; x_wconf 86' lang='lat' dir='ltr'>porcos</span> <span class='ocrx_word' id='word_1_112' title='bbox 1159 1249 1194 1292; x_wconf 88' lang='lat' dir='ltr'>ac</span> <span class='ocrx_word' id='word_1_113' title='bbox 1212 1249 1262 1326; x_wconf 85' lang='lat' dir='ltr'>pe-</span> 
     </span>
     <span class='ocr_line' id='line_1_13' title="bbox 123 1305 1298 1406; baseline -0.002 -34"><span class='ocrx_word' id='word_1_114' title='bbox 123 1311 212 1372; x_wconf 86' lang='lat' dir='ltr'>cudes</span> <span class='ocrx_word' id='word_1_115' title='bbox 230 1309 392 1383; x_wconf 62' lang='lat' dir='ltr'>onom,</span> <span class='ocrx_word' id='word_1_116' title='bbox 411 1307 455 1368; x_wconf 87' lang='lat' dir='ltr'>bis</span> <span class='ocrx_word' id='word_1_117' title='bbox 475 1305 637 1370; x_wconf 81' lang='lat' dir='ltr'>detestabile</span> <span class='ocrx_word' id='word_1_118' title='bbox 677 1313 821 1368; x_wconf 74' lang='lat' dir='ltr'>orientum</span> <span class='ocrx_word' id='word_1_119' title='bbox 841 1315 893 1370; x_wconf 89' lang='lat' dir='ltr'>est.</span> <span class='ocrx_word' id='word_1_120' title='bbox 917 1307 1078 1406; x_wconf 81' lang='lat' dir='ltr'>Prophetae</span> <span class='ocrx_word' id='word_1_121' title='bbox 1087 1311 1264 1370; x_wconf 84' lang='lat' dir='ltr'>autemmbil</span> <span class='ocrx_word' id='word_1_122' title='bbox 1295 1349 1298 1358; x_wconf 45' lang='grc' dir='ltr'>ι</span> 
     </span>
     <span class='ocr_line' id='line_1_14' title="bbox 123 1327 1274 1471; baseline -0.003 -18"><span class='ocrx_word' id='word_1_123' title='bbox 123 1392 218 1454; x_wconf 87' lang='lat' dir='ltr'>minus</span> <span class='ocrx_word' id='word_1_124' title='bbox 241 1389 422 1471; x_wconf 83' lang='lat' dir='ltr'>propositum</span> <span class='ocrx_word' id='word_1_125' title='bbox 444 1387 512 1462; x_wconf 85' lang='lat' dir='ltr'>luit,</span> <span class='ocrx_word' id='word_1_126' title='bbox 542 1406 630 1469; x_wconf 90' lang='lat' dir='ltr'>quam</span> <span class='ocrx_word' id='word_1_127' title='bbox 649 1327 706 1448; x_wconf 65' lang='lat' dir='ltr'>ssei</span> <span class='ocrx_word' id='word_1_128' title='bbox 730 1387 861 1468; x_wconf 87' lang='lat' dir='ltr'>spiritum</span> <span class='ocrx_word' id='word_1_129' title='bbox 882 1390 1005 1469; x_wconf 71' lang='lat' dir='ltr'>partire,</span> <span class='ocrx_word' id='word_1_130' title='bbox 1024 1396 1057 1450; x_wconf 86' lang='lat' dir='ltr'>ut</span> <span class='ocrx_word' id='word_1_131' title='bbox 1075 1390 1274 1450; x_wconf 75' lang='lat' dir='ltr'>essentialiter</span> 
     </span>
     <span class='ocr_line' id='line_1_15' title="bbox 123 1466 1263 1550; baseline -0.004 -18"><span class='ocrx_word' id='word_1_132' title='bbox 123 1471 221 1550; x_wconf 87' lang='lat' dir='ltr'>aliqua</span> <span class='ocrx_word' id='word_1_133' title='bbox 238 1471 301 1530; x_wconf 85' lang='lat' dir='ltr'>eine</span> <span class='ocrx_word' id='word_1_134' title='bbox 320 1469 416 1550; x_wconf 91' lang='lat' dir='ltr'>portio</span> <span class='ocrx_word' id='word_1_135' title='bbox 434 1468 465 1528; x_wconf 91' lang='lat' dir='ltr'>iu</span> <span class='ocrx_word' id='word_1_136' title='bbox 482 1467 602 1548; x_wconf 70' lang='lat' dir='ltr'>siugulis</span> <span class='ocrx_word' id='word_1_137' title='bbox 622 1466 811 1533; x_wconf 66' lang='lat' dir='ltr'>annuentibus</span> <span class='ocrx_word' id='word_1_138' title='bbox 829 1467 952 1542; x_wconf 86' lang='lat' dir='ltr'>habitet,</span> <span class='ocrx_word' id='word_1_139' title='bbox 976 1469 1026 1529; x_wconf 92' lang='lat' dir='ltr'>aed</span> <span class='ocrx_word' id='word_1_140' title='bbox 1053 1471 1185 1550; x_wconf 85' lang='lat' dir='ltr'>spiritum</span> <span class='ocrx_word' id='word_1_141' title='bbox 1204 1467 1263 1529; x_wconf 88' lang='lat' dir='ltr'>Dei</span> 
     </span>
     <span class='ocr_line' id='line_1_16' title="bbox 123 1545 1264 1630; baseline 0 -21"><span class='ocrx_word' id='word_1_142' title='bbox 123 1551 249 1624; x_wconf 74' lang='lat' dir='ltr'>pocavit,</span> <span class='ocrx_word' id='word_1_143' title='bbox 268 1550 322 1630; x_wconf 89' lang='lat' dir='ltr'>qni</span> <span class='ocrx_word' id='word_1_144' title='bbox 337 1547 376 1608; x_wconf 84' lang='lat' dir='ltr'>eb</span> <span class='ocrx_word' id='word_1_145' title='bbox 396 1567 432 1608; x_wconf 89' lang='lat' dir='ltr'>eo</span> <span class='ocrx_word' id='word_1_146' title='bbox 452 1545 650 1629; x_wconf 82' lang='lat' dir='ltr'>proficiscitur.</span> <span class='ocrx_word' id='word_1_147' title='bbox 670 1547 781 1608; x_wconf 75' lang='lat' dir='ltr'>interm</span> <span class='ocrx_word' id='word_1_148' title='bbox 800 1553 932 1610; x_wconf 81' lang='lat' dir='ltr'>uestrum</span> <span class='ocrx_word' id='word_1_149' title='bbox 951 1565 1013 1608; x_wconf 88' lang='lat' dir='ltr'>esse</span> <span class='ocrx_word' id='word_1_150' title='bbox 1032 1550 1176 1618; x_wconf 86' lang='lat' dir='ltr'>admouet,</span> <span class='ocrx_word' id='word_1_151' title='bbox 1195 1551 1264 1630; x_wconf 87' lang='lat' dir='ltr'>quia</span> 
     </span>
     <span class='ocr_line' id='line_1_17' title="bbox 123 1625 1263 1708; baseline -0.004 -16"><span class='ocrx_word' id='word_1_152' title='bbox 123 1629 208 1692; x_wconf 87' lang='lat' dir='ltr'>nobis</span> <span class='ocrx_word' id='word_1_153' title='bbox 225 1631 257 1690; x_wconf 92' lang='lat' dir='ltr'>io</span> <span class='ocrx_word' id='word_1_154' title='bbox 276 1631 367 1691; x_wconf 78' lang='lat' dir='ltr'>uitam</span> <span class='ocrx_word' id='word_1_155' title='bbox 385 1627 469 1699; x_wconf 86' lang='lat' dir='ltr'>datps</span> <span class='ocrx_word' id='word_1_156' title='bbox 488 1633 541 1688; x_wconf 80' lang='lat' dir='ltr'>eat</span> <span class='ocrx_word' id='word_1_157' title='bbox 560 1625 681 1688; x_wconf 87' lang='lat' dir='ltr'>Summa</span> <span class='ocrx_word' id='word_1_158' title='bbox 699 1626 759 1688; x_wconf 91' lang='lat' dir='ltr'>huc</span> <span class='ocrx_word' id='word_1_159' title='bbox 777 1627 876 1704; x_wconf 83' lang='lat' dir='ltr'>tendit,</span> <span class='ocrx_word' id='word_1_160' title='bbox 896 1628 965 1688; x_wconf 90' lang='lat' dir='ltr'>dum</span> <span class='ocrx_word' id='word_1_161' title='bbox 984 1628 1115 1688; x_wconf 68' lang='lat' dir='ltr'>domna</span> <span class='ocrx_word' id='word_1_162' title='bbox 1134 1629 1263 1708; x_wconf 82' lang='lat' dir='ltr'>quotidie</span> 
     </span>
    </p>
   </div>
   <div class='ocr_carea' id='block_1_7' title="bbox 123 1705 1395 1786">
    <p class='ocr_par' dir='ltr' id='par_1_7' title="bbox 123 1705 1395 1786">
     <span class='ocr_line' id='line_1_18' title="bbox 123 1705 1395 1786; baseline -0.002 -16"><span class='ocrx_word' id='word_1_163' title='bbox 123 1709 263 1770; x_wconf 85' lang='lat' dir='ltr'>muudum</span> <span class='ocrx_word' id='word_1_164' title='bbox 284 1706 407 1769; x_wconf 79' lang='lat' dir='ltr'>deficere</span> <span class='ocrx_word' id='word_1_165' title='bbox 423 1713 454 1767; x_wconf 89' lang='lat' dir='ltr'>et</span> <span class='ocrx_word' id='word_1_166' title='bbox 471 1707 594 1780; x_wconf 73' lang='lat' dir='ltr'>masei,</span> <span class='ocrx_word' id='word_1_167' title='bbox 623 1708 654 1767; x_wconf 91' lang='lat' dir='ltr'>in</span> <span class='ocrx_word' id='word_1_168' title='bbox 678 1706 736 1767; x_wconf 90' lang='lat' dir='ltr'>boc</span> <span class='ocrx_word' id='word_1_169' title='bbox 758 1705 877 1786; x_wconf 87' lang='lat' dir='ltr'>speculo</span> <span class='ocrx_word' id='word_1_170' title='bbox 901 1707 998 1768; x_wconf 87' lang='lat' dir='ltr'>lucere</span> <span class='ocrx_word' id='word_1_171' title='bbox 1017 1707 1099 1768; x_wconf 91' lang='lat' dir='ltr'>uobis</span> <span class='ocrx_word' id='word_1_172' title='bbox 1118 1706 1263 1768; x_wconf 75' lang='lat' dir='ltr'>vivificam</span> <span class='ocrx_word' id='word_1_173' title='bbox 1320 1737 1323 1744; x_wconf 91' lang='grc'>·</span> <span class='ocrx_word' id='word_1_174' title='bbox 1392 1774 1395 1784; x_wconf 46' lang='grc'><strong><em>,</em></strong></span> 
     </span>
    </p>
   </div>
   <div class='ocr_carea' id='block_1_8' title="bbox 123 1785 1264 2189">
    <p class='ocr_par' dir='ltr' id='par_1_8' title="bbox 123 1785 1264 2189">
     <span class='ocr_line' id='line_1_19' title="bbox 123 1785 1263 1868; baseline -0.002 -18"><span class='ocrx_word' id='word_1_175' title='bbox 123 1787 180 1850; x_wconf 86' lang='lat' dir='ltr'>Dei</span> <span class='ocrx_word' id='word_1_176' title='bbox 200 1789 344 1848; x_wconf 64' lang='lat' dir='ltr'>mean.</span> <span class='ocrx_word' id='word_1_177' title='bbox 380 1785 536 1868; x_wconf 78' lang='lat' dir='ltr'>Quotquot</span> <span class='ocrx_word' id='word_1_178' title='bbox 554 1805 630 1848; x_wconf 74' lang='lat' dir='ltr'>amm</span> <span class='ocrx_word' id='word_1_179' title='bbox 649 1786 814 1848; x_wconf 54' lang='lat' dir='ltr'>wadum</span> <span class='ocrx_word' id='word_1_180' title='bbox 832 1787 964 1847; x_wconf 83' lang='lat' dir='ltr'>interitus</span> <span class='ocrx_word' id='word_1_181' title='bbox 983 1787 1125 1862; x_wconf 83' lang='lat' dir='ltr'>accidunt,</span> <span class='ocrx_word' id='word_1_182' title='bbox 1142 1787 1263 1848; x_wconf 89' lang='lat' dir='ltr'>totidem</span> 
     </span>
     <span class='ocr_line' id='line_1_20' title="bbox 126 1865 1263 1948; baseline -0.004 -18"><span class='ocrx_word' id='word_1_183' title='bbox 126 1875 198 1932; x_wconf 84' lang='lat' dir='ltr'>aaut</span> <span class='ocrx_word' id='word_1_184' title='bbox 213 1867 346 1948; x_wconf 76' lang='lat' dir='ltr'>exempla</span> <span class='ocrx_word' id='word_1_185' title='bbox 365 1872 481 1927; x_wconf 85' lang='lat' dir='ltr'>nostrae</span> <span class='ocrx_word' id='word_1_186' title='bbox 499 1865 647 1938; x_wconf 81' lang='lat' dir='ltr'>nuditatis,</span> <span class='ocrx_word' id='word_1_187' title='bbox 667 1873 700 1926; x_wconf 90' lang='lat' dir='ltr'>ut</span> <span class='ocrx_word' id='word_1_188' title='bbox 718 1867 757 1924; x_wconf 86' lang='lat' dir='ltr'>ita</span> <span class='ocrx_word' id='word_1_189' title='bbox 777 1865 894 1946; x_wconf 80' lang='lat' dir='ltr'>loquar:</span> <span class='ocrx_word' id='word_1_190' title='bbox 915 1865 984 1926; x_wconf 86' lang='lat' dir='ltr'>duur</span> <span class='ocrx_word' id='word_1_191' title='bbox 1003 1867 1057 1928; x_wconf 81' lang='lat' dir='ltr'>aiis</span> <span class='ocrx_word' id='word_1_192' title='bbox 1070 1865 1263 1942; x_wconf 83' lang='lat' dir='ltr'>sobolescunt,</span> 
     </span>
     <span class='ocr_line' id='line_1_21' title="bbox 125 1942 1264 2028; baseline -0.004 -20"><span class='ocrx_word' id='word_1_193' title='bbox 125 1942 266 2028; x_wconf 58' lang='lat' dir='ltr'>mam</span> <span class='ocrx_word' id='word_1_194' title='bbox 285 1945 385 2006; x_wconf 90' lang='lat' dir='ltr'>muudi</span> <span class='ocrx_word' id='word_1_195' title='bbox 403 1947 553 2008; x_wconf 80' lang='lat' dir='ltr'>renovatio</span> <span class='ocrx_word' id='word_1_196' title='bbox 571 1945 655 2006; x_wconf 88' lang='lat' dir='ltr'>nobis</span> <span class='ocrx_word' id='word_1_197' title='bbox 674 1945 843 2006; x_wconf 75' lang='lat' dir='ltr'>ostenditur.</span> <span class='ocrx_word' id='word_1_198' title='bbox 878 1942 1004 2023; x_wconf 79' lang='lat' dir='ltr'>Quando</span> <span class='ocrx_word' id='word_1_199' title='bbox 1022 1949 1119 2026; x_wconf 85' lang='lat' dir='ltr'>itaque</span> <span class='ocrx_word' id='word_1_200' title='bbox 1136 1945 1264 2006; x_wconf 86' lang='lat' dir='ltr'>mundns</span> 
     </span>
     <span class='ocr_line' id='line_1_22' title="bbox 123 2023 1262 2108; baseline -0.001 -21"><span class='ocrx_word' id='word_1_201' title='bbox 123 2027 253 2108; x_wconf 81' lang='lat' dir='ltr'>qnotidie</span> <span class='ocrx_word' id='word_1_202' title='bbox 271 2027 368 2086; x_wconf 76' lang='lat' dir='ltr'>intonit</span> <span class='ocrx_word' id='word_1_203' title='bbox 387 2032 417 2085; x_wconf 82' lang='lat' dir='ltr'>et</span> <span class='ocrx_word' id='word_1_204' title='bbox 435 2025 592 2086; x_wconf 83' lang='lat' dir='ltr'>ramacitur</span> <span class='ocrx_word' id='word_1_205' title='bbox 609 2027 641 2084; x_wconf 91' lang='lat' dir='ltr'>in</span> <span class='ocrx_word' id='word_1_206' title='bbox 660 2024 719 2085; x_wconf 89' lang='lat' dir='ltr'>auia</span> <span class='ocrx_word' id='word_1_207' title='bbox 738 2023 882 2104; x_wconf 86' lang='lat' dir='ltr'>partibus,</span> <span class='ocrx_word' id='word_1_208' title='bbox 911 2024 980 2086; x_wconf 88' lang='lat' dir='ltr'>biuc</span> <span class='ocrx_word' id='word_1_209' title='bbox 1005 2026 1140 2106; x_wconf 63' lang='lat' dir='ltr'>colligere</span> <span class='ocrx_word' id='word_1_210' title='bbox 1163 2044 1262 2108; x_wconf 84' lang='lat' dir='ltr'>prom·</span> 
     </span>
     <span class='ocr_line' id='line_1_23' title="bbox 123 2101 943 2189; baseline -0.001 -23"><span class='ocrx_word' id='word_1_211' title='bbox 123 2113 206 2189; x_wconf 85' lang='lat' dir='ltr'>ptum</span> <span class='ocrx_word' id='word_1_212' title='bbox 225 2111 278 2182; x_wconf 88' lang='lat' dir='ltr'>eet,</span> <span class='ocrx_word' id='word_1_213' title='bbox 297 2105 409 2166; x_wconf 88' lang='lat' dir='ltr'>nonnisi</span> <span class='ocrx_word' id='word_1_214' title='bbox 429 2121 533 2166; x_wconf 82' lang='lat' dir='ltr'>areana</span> <span class='ocrx_word' id='word_1_215' title='bbox 552 2102 608 2164; x_wconf 91' lang='lat' dir='ltr'>Dei</span> <span class='ocrx_word' id='word_1_216' title='bbox 626 2104 735 2164; x_wconf 80' lang='lat' dir='ltr'>virtute</span> <span class='ocrx_word' id='word_1_217' title='bbox 753 2101 915 2164; x_wconf 79' lang='lat' dir='ltr'>eubsistera.</span> <span class='ocrx_word' id='word_1_218' title='bbox 937 2155 943 2166; x_wconf 95' lang='lat'>.</span> 
     </span>
    </p>
   </div>
   <div class='ocr_carea' id='block_1_9' title="bbox 212 2239 1263 2380">
    <p class='ocr_par' dir='ltr' id='par_1_9' title="bbox 212 2239 1263 2380">
     <span class='ocr_line' id='line_1_24' title="bbox 212 2239 1263 2380; baseline 0 -26"><span class='ocrx_word' id='word_1_219' title='bbox 212 2239 271 2356; x_wconf 30' lang='grc'><strong>31..</strong></span> <span class='ocrx_word' id='word_1_220' title='bbox 298 2284 348 2354; x_wconf 87' lang='lat' dir='ltr'>Sit</span> <span class='ocrx_word' id='word_1_221' title='bbox 379 2285 476 2380; x_wconf 82' lang='lat' dir='ltr'>gloria</span> <span class='ocrx_word' id='word_1_222' title='bbox 504 2283 700 2354; x_wconf 80' lang='lat' dir='ltr'>lehovae‘iu</span> <span class='ocrx_word' id='word_1_223' title='bbox 727 2283 886 2354; x_wconf 71' lang='lat' dir='ltr'>seculum:</span> <span class='ocrx_word' id='word_1_224' title='bbox 918 2281 1053 2352; x_wconf 88' lang='lat' dir='ltr'>lactetur</span> <span class='ocrx_word' id='word_1_225' title='bbox 1078 2283 1196 2354; x_wconf 85' lang='lat' dir='ltr'>iebova</span> <span class='ocrx_word' id='word_1_226' title='bbox 1227 2283 1263 2354; x_wconf 81' lang='lat' dir='ltr'>in</span> 
     </span>
    </p>
   </div>
   <div class='ocr_carea' id='block_1_10' title="bbox 61 2390 1368 2486">
    <p class='ocr_par' dir='ltr' id='par_1_10' title="bbox 61 2390 1368 2486">
     <span class='ocr_line' id='line_1_25' title="bbox 61 2390 1368 2486; baseline -0.002 -22"><span class='ocrx_word' id='word_1_227' title='bbox 61 2417 64 2431; x_wconf 92' lang='grc'><em>·</em></span> <span class='ocrx_word' id='word_1_228' title='bbox 124 2393 273 2486; x_wconf 86' lang='lat' dir='ltr'>operibus</span> <span class='ocrx_word' id='word_1_229' title='bbox 294 2392 371 2460; x_wconf 86' lang='lat' dir='ltr'>suis.</span> <span class='ocrx_word' id='word_1_230' title='bbox 416 2392 470 2462; x_wconf 79' lang='lat'>32.</span> <span class='ocrx_word' id='word_1_231' title='bbox 498 2391 685 2483; x_wconf 79' lang='lat' dir='ltr'>Adspicieuo</span> <span class='ocrx_word' id='word_1_232' title='bbox 706 2400 832 2476; x_wconf 70' lang='lat' dir='ltr'>mnam,</span> <span class='ocrx_word' id='word_1_233' title='bbox 852 2399 887 2458; x_wconf 88' lang='lat' dir='ltr'>ct</span> <span class='ocrx_word' id='word_1_234' title='bbox 909 2390 1142 2462; x_wconf 80' lang='lat' dir='ltr'>contremiscet:</span> <span class='ocrx_word' id='word_1_235' title='bbox 1164 2392 1193 2462; x_wconf 84' lang='lat' dir='ltr'>si</span> <span class='ocrx_word' id='word_1_236' title='bbox 1214 2401 1261 2462; x_wconf 87' lang='lat' dir='ltr'>te·</span> <span class='ocrx_word' id='word_1_237' title='bbox 1363 2418 1368 2427; x_wconf 70' lang='lat'><strong><em>¹</em></strong></span> 
     </span>
    </p>
   </div>
   <div class='ocr_carea' id='block_1_11' title="bbox 123 2495 1262 2803">
    <p class='ocr_par' dir='ltr' id='par_1_11' title="bbox 123 2495 1262 2803">
     <span class='ocr_line' id='line_1_26' title="bbox 123 2495 1262 2592; baseline -0.001 -26"><span class='ocrx_word' id='word_1_238' title='bbox 123 2499 227 2592; x_wconf 81' lang='lat' dir='ltr'>tigerit</span> <span class='ocrx_word' id='word_1_239' title='bbox 247 2509 389 2581; x_wconf 82' lang='lat' dir='ltr'>montes,</span> <span class='ocrx_word' id='word_1_240' title='bbox 411 2497 621 2589; x_wconf 77' lang='lat' dir='ltr'>fumigabunt·</span> <span class='ocrx_word' id='word_1_241' title='bbox 658 2496 717 2564; x_wconf 81' lang='grc'>33.</span> <span class='ocrx_word' id='word_1_242' title='bbox 740 2495 860 2564; x_wconf 85' lang='lat' dir='ltr'>Cenum</span> <span class='ocrx_word' id='word_1_243' title='bbox 882 2495 1017 2565; x_wconf 83' lang='lat' dir='ltr'>laborae</span> <span class='ocrx_word' id='word_1_244' title='bbox 1038 2497 1072 2564; x_wconf 88' lang='lat' dir='ltr'>io</span> <span class='ocrx_word' id='word_1_245' title='bbox 1093 2497 1157 2564; x_wconf 85' lang='lat' dir='ltr'>vito</span> <span class='ocrx_word' id='word_1_246' title='bbox 1175 2519 1262 2581; x_wconf 83' lang='lat' dir='ltr'>mea,</span> 
     </span>
     <span class='ocr_line' id='line_1_27' title="bbox 123 2597 1260 2700; baseline -0.001 -27"><span class='ocrx_word' id='word_1_247' title='bbox 123 2604 256 2700; x_wconf 81' lang='lat' dir='ltr'>psallam</span> <span class='ocrx_word' id='word_1_248' title='bbox 282 2603 354 2672; x_wconf 89' lang='lat' dir='ltr'>Deo</span> <span class='ocrx_word' id='word_1_249' title='bbox 383 2627 457 2671; x_wconf 88' lang='lat' dir='ltr'>mco</span> <span class='ocrx_word' id='word_1_250' title='bbox 485 2603 637 2694; x_wconf 81' lang='lat' dir='ltr'>quamdiu</span> <span class='ocrx_word' id='word_1_251' title='bbox 663 2625 746 2671; x_wconf 83' lang='lat' dir='ltr'>sum.</span> <span class='ocrx_word' id='word_1_252' title='bbox 790 2597 844 2670; x_wconf 81' lang='grc'>34.</span> <span class='ocrx_word' id='word_1_253' title='bbox 877 2601 992 2671; x_wconf 86' lang='lat' dir='ltr'>Gratus</span> <span class='ocrx_word' id='word_1_254' title='bbox 1042 2601 1066 2671; x_wconf 86' lang='lat' dir='ltr'>&#39;t</span> <span class='ocrx_word' id='word_1_255' title='bbox 1098 2603 1128 2672; x_wconf 88' lang='lat' dir='ltr'>ei</span> <span class='ocrx_word' id='word_1_256' title='bbox 1154 2615 1260 2672; x_wconf 81' lang='lat' dir='ltr'>senno</span> 
     </span>
     <span class='ocr_line' id='line_1_28' title="bbox 123 2708 1261 2803; baseline 0 -25"><span class='ocrx_word' id='word_1_257' title='bbox 123 2734 226 2796; x_wconf 86' lang='lat' dir='ltr'>meus,</span> <span class='ocrx_word' id='word_1_258' title='bbox 247 2732 307 2803; x_wconf 82' lang='lat' dir='ltr'>ego</span> <span class='ocrx_word' id='word_1_259' title='bbox 328 2709 470 2778; x_wconf 85' lang='lat' dir='ltr'>laetabor</span> <span class='ocrx_word' id='word_1_260' title='bbox 490 2708 524 2777; x_wconf 92' lang='lat' dir='ltr'>iu</span> <span class='ocrx_word' id='word_1_261' title='bbox 545 2708 673 2780; x_wconf 85' lang='lat' dir='ltr'>lehova.</span> <span class='ocrx_word' id='word_1_262' title='bbox 711 2709 766 2778; x_wconf 84' lang='lat'>35.</span> <span class='ocrx_word' id='word_1_263' title='bbox 789 2708 947 2780; x_wconf 81' lang='lat' dir='ltr'>Deficiunt</span> <span class='ocrx_word' id='word_1_264' title='bbox 967 2733 995 2798; x_wconf 50' lang='grc' dir='ltr'>ει</span> <span class='ocrx_word' id='word_1_265' title='bbox 1032 2708 1108 2778; x_wconf 84' lang='lat' dir='ltr'>erati</span> <span class='ocrx_word' id='word_1_266' title='bbox 1129 2735 1148 2778; x_wconf 87' lang='lat' dir='ltr'>c</span> <span class='ocrx_word' id='word_1_267' title='bbox 1169 2720 1261 2794; x_wconf 83' lang='lat' dir='ltr'>terra,</span> 
     </span>
    </p>
   </div>
   <div class='ocr_carea' id='block_1_12' title="bbox 123 2814 1304 2992">
    <p class='ocr_par' dir='ltr' id='par_1_12' title="bbox 123 2814 1304 2992">
     <span class='ocr_line' id='line_1_29' title="bbox 123 2814 1261 2920; baseline -0.001 -35"><span class='ocrx_word' id='word_1_268' title='bbox 123 2828 157 2886; x_wconf 90' lang='lat' dir='ltr'>et</span> <span class='ocrx_word' id='word_1_269' title='bbox 173 2818 271 2920; x_wconf 29' lang='lat' dir='ltr'>‘impii</span> <span class='ocrx_word' id='word_1_270' title='bbox 296 2816 477 2906; x_wconf 76' lang='lat' dir='ltr'>usquedum</span> <span class='ocrx_word' id='word_1_271' title='bbox 503 2837 574 2884; x_wconf 85' lang='lat' dir='ltr'>ease</span> <span class='ocrx_word' id='word_1_272' title='bbox 602 2816 760 2884; x_wconf 77' lang='lat' dir='ltr'>desinant:</span> <span class='ocrx_word' id='word_1_273' title='bbox 787 2814 920 2884; x_wconf 78' lang='lat' dir='ltr'>benedic</span> <span class='ocrx_word' id='word_1_274' title='bbox 945 2815 1049 2883; x_wconf 85' lang='lat' dir='ltr'>anima</span> <span class='ocrx_word' id='word_1_275' title='bbox 1077 2839 1150 2884; x_wconf 90' lang='lat' dir='ltr'>mea</span> <span class='ocrx_word' id='word_1_276' title='bbox 1172 2815 1261 2885; x_wconf 87' lang='lat' dir='ltr'>leho-</span> 
     </span>
     <span class='ocr_line' id='line_1_30' title="bbox 124 2919 1304 2992; baseline -0.004 0"><span class='ocrx_word' id='word_1_277' title='bbox 124 2947 193 2992; x_wconf 85' lang='lat' dir='ltr'>vae.</span> <span class='ocrx_word' id='word_1_278' title='bbox 215 2919 402 2990; x_wconf 82' lang='lat' dir='ltr'>Helleluilb.</span> <span class='ocrx_word' id='word_1_279' title='bbox 1301 2931 1304 2942; x_wconf 79' lang='grc'><em>“</em></span> 
     </span>
    </p>
   </div>
   <div class='ocr_carea' id='block_1_13' title="bbox 123 3063 1261 3322">
    <p class='ocr_par' dir='ltr' id='par_1_13' title="bbox 123 3063 1261 3322">
     <span class='ocr_line' id='line_1_31' title="bbox 201 3063 1259 3150; baseline -0.007 -19"><span class='ocrx_word' id='word_1_280' title='bbox 201 3071 250 3131; x_wconf 86' lang='grc'>31.</span> <span class='ocrx_word' id='word_1_281' title='bbox 279 3072 329 3128; x_wconf 72' lang='lat' dir='ltr'>set</span> <span class='ocrx_word' id='word_1_282' title='bbox 350 3069 454 3150; x_wconf 78' lang='lat' dir='ltr'>glorta</span> <span class='ocrx_word' id='word_1_283' title='bbox 473 3067 613 3140; x_wconf 72' lang='lat' dir='ltr'>latonas,</span> <span class='ocrx_word' id='word_1_284' title='bbox 641 3077 693 3126; x_wconf 80' lang='lat' dir='ltr'>etc.</span> <span class='ocrx_word' id='word_1_285' title='bbox 734 3063 870 3128; x_wconf 82' lang='lat' dir='ltr'>Ostendit</span> <span class='ocrx_word' id='word_1_286' title='bbox 894 3083 1033 3148; x_wconf 89' lang='lat' dir='ltr'>quorsum</span> <span class='ocrx_word' id='word_1_287' title='bbox 1062 3065 1200 3128; x_wconf 86' lang='lat' dir='ltr'>becteuus</span> <span class='ocrx_word' id='word_1_288' title='bbox 1229 3066 1259 3125; x_wconf 90' lang='lat' dir='ltr'>iu</span> 
     </span>
     <span class='ocr_line' id='line_1_32' title="bbox 123 3141 1261 3242; baseline -0.004 -34"><span class='ocrx_word' id='word_1_289' title='bbox 123 3146 180 3208; x_wconf 84' lang='lat' dir='ltr'>Dei</span> <span class='ocrx_word' id='word_1_290' title='bbox 201 3146 332 3228; x_wconf 84' lang='lat' dir='ltr'>operibus</span> <span class='ocrx_word' id='word_1_291' title='bbox 351 3145 536 3242; x_wconf 78' lang='lat' dir='ltr'>celebraverit</span> <span class='ocrx_word' id='word_1_292' title='bbox 554 3147 616 3206; x_wconf 85' lang='lat' dir='ltr'>eius</span> <span class='ocrx_word' id='word_1_293' title='bbox 640 3147 813 3242; x_wconf 84' lang='lat' dir='ltr'>potentiam,</span> <span class='ocrx_word' id='word_1_294' title='bbox 839 3148 1021 3227; x_wconf 76' lang='lat' dir='ltr'>sapientiam,</span> <span class='ocrx_word' id='word_1_295' title='bbox 1046 3141 1075 3207; x_wconf 80' lang='lat' dir='ltr'>e&#39;t</span> <span class='ocrx_word' id='word_1_296' title='bbox 1095 3144 1261 3220; x_wconf 85' lang='lat' dir='ltr'>bonitatem,</span> 
     </span>
     <span class='ocr_line' id='line_1_33' title="bbox 123 3224 1259 3322; baseline -0.004 -34"><span class='ocrx_word' id='word_1_297' title='bbox 123 3245 227 3308; x_wconf 83' lang='lat' dir='ltr'>nempe</span> <span class='ocrx_word' id='word_1_298' title='bbox 252 3233 286 3286; x_wconf 84' lang='lat' dir='ltr'>ut</span> <span class='ocrx_word' id='word_1_299' title='bbox 307 3245 407 3286; x_wconf 79' lang='lat' dir='ltr'>senam</span> <span class='ocrx_word' id='word_1_300' title='bbox 433 3226 583 3286; x_wconf 82' lang='lat' dir='ltr'>homanum</span> <span class='ocrx_word' id='word_1_301' title='bbox 608 3231 731 3305; x_wconf 74' lang='lat' dir='ltr'>augeret</span> <span class='ocrx_word' id='word_1_302' title='bbox 753 3225 789 3284; x_wconf 93' lang='lat' dir='ltr'>ad</span> <span class='ocrx_word' id='word_1_303' title='bbox 815 3227 921 3306; x_wconf 86' lang='lat' dir='ltr'>ipsum·</span> <span class='ocrx_word' id='word_1_304' title='bbox 934 3225 1117 3290; x_wconf 81' lang='lat' dir='ltr'>laudandam.</span> <span class='ocrx_word' id='word_1_305' title='bbox 1157 3224 1259 3322; x_wconf 80' lang='lat' dir='ltr'>Neque</span> 
     </span>
    </p>
   </div>
   <div class='ocr_carea' id='block_1_14' title="bbox 41 3297 1389 3386">
    <p class='ocr_par' dir='ltr' id='par_1_14' title="bbox 41 3297 1389 3386">
     <span class='ocr_line' id='line_1_34' title="bbox 41 3297 1389 3386; baseline -0.004 -18"><span class='ocrx_word' id='word_1_306' title='bbox 41 3345 46 3352; x_wconf 93' lang='lat'><strong>·</strong></span> <span class='ocrx_word' id='word_1_307' title='bbox 123 3307 200 3368; x_wconf 85' lang='lat' dir='ltr'>enim</span> <span class='ocrx_word' id='word_1_308' title='bbox 224 3306 273 3366; x_wconf 90' lang='lat' dir='ltr'>hic</span> <span class='ocrx_word' id='word_1_309' title='bbox 296 3305 422 3384; x_wconf 74' lang='lat' dir='ltr'>vulgaris</span> <span class='ocrx_word' id='word_1_310' title='bbox 446 3297 540 3364; x_wconf 76' lang='lat' dir='ltr'>bonor</span> <span class='ocrx_word' id='word_1_311' title='bbox 563 3310 621 3379; x_wconf 85' lang='lat' dir='ltr'>est,</span> <span class='ocrx_word' id='word_1_312' title='bbox 650 3304 728 3385; x_wconf 91' lang='lat' dir='ltr'>quod</span> <span class='ocrx_word' id='word_1_313' title='bbox 753 3303 835 3364; x_wconf 86' lang='lat' dir='ltr'>Deus</span> <span class='ocrx_word' id='word_1_314' title='bbox 865 3305 1005 3365; x_wconf 91' lang='lat' dir='ltr'>mondum</span> <span class='ocrx_word' id='word_1_315' title='bbox 1028 3312 1089 3364; x_wconf 88' lang='lat' dir='ltr'>tam</span> <span class='ocrx_word' id='word_1_316' title='bbox 1113 3303 1261 3386; x_wconf 75' lang='lat' dir='ltr'>splendido</span> <span class='ocrx_word' id='word_1_317' title='bbox 1318 3349 1321 3367; x_wconf 85' lang='lat'>.</span> <span class='ocrx_word' id='word_1_318' title='bbox 1387 3345 1389 3353; x_wconf 42' lang='lat'><em>1</em></span> 
     </span>
    </p>
   </div>
   <div class='ocr_carea' id='block_1_15' title="bbox 124 3374 1260 3466">
    <p class='ocr_par' dir='ltr' id='par_1_15' title="bbox 124 3374 1260 3466">
     <span class='ocr_line' id='line_1_35' title="bbox 124 3374 1260 3466; baseline -0.004 -19"><span class='ocrx_word' id='word_1_319' title='bbox 124 3393 227 3450; x_wconf 84' lang='lat' dir='ltr'>ornatu</span> <span class='ocrx_word' id='word_1_320' title='bbox 246 3389 275 3445; x_wconf 89' lang='lat' dir='ltr'>in</span> <span class='ocrx_word' id='word_1_321' title='bbox 296 3374 414 3466; x_wconf 76' lang='lat' dir='ltr'>gratilm</span> <span class='ocrx_word' id='word_1_322' title='bbox 434 3391 559 3444; x_wconf 86' lang='lat' dir='ltr'>nostram</span> <span class='ocrx_word' id='word_1_323' title='bbox 579 3384 722 3457; x_wconf 78' lang='lat' dir='ltr'>iustruxit,</span> <span class='ocrx_word' id='word_1_324' title='bbox 742 3388 775 3444; x_wconf 88' lang='lat' dir='ltr'>ut</span> <span class='ocrx_word' id='word_1_325' title='bbox 788 3404 847 3442; x_wconf 90' lang='lat' dir='ltr'>unu</span> <span class='ocrx_word' id='word_1_326' title='bbox 861 3383 955 3443; x_wconf 89' lang='lat' dir='ltr'>solum</span> <span class='ocrx_word' id='word_1_327' title='bbox 970 3382 1061 3464; x_wconf 88' lang='lat' dir='ltr'>pulcri</span> <span class='ocrx_word' id='word_1_328' title='bbox 1076 3383 1162 3444; x_wconf 89' lang='lat' dir='ltr'>buius</span> <span class='ocrx_word' id='word_1_329' title='bbox 1181 3383 1260 3442; x_wconf 86' lang='lat' dir='ltr'>thea-</span> 
     </span>
    </p>
   </div>
   <div class='ocr_carea' id='block_1_16' title="bbox 123 3463 1368 3545">
    <p class='ocr_par' dir='ltr' id='par_1_16' title="bbox 123 3463 1368 3545">
     <span class='ocr_line' id='line_1_36' title="bbox 123 3463 1368 3545; baseline -0.003 -19"><span class='ocrx_word' id='word_1_330' title='bbox 123 3468 161 3526; x_wconf 86' lang='lat' dir='ltr'>tri</span> <span class='ocrx_word' id='word_1_331' title='bbox 181 3467 269 3524; x_wconf 79' lang='lat' dir='ltr'>simm</span> <span class='ocrx_word' id='word_1_332' title='bbox 288 3471 471 3545; x_wconf 86' lang='lat' dir='ltr'>spectatores,</span> <span class='ocrx_word' id='word_1_333' title='bbox 491 3463 541 3523; x_wconf 88' lang='lat' dir='ltr'>sed</span> <span class='ocrx_word' id='word_1_334' title='bbox 556 3463 707 3543; x_wconf 87' lang='lat' dir='ltr'>multiplici</span> <span class='ocrx_word' id='word_1_335' title='bbox 721 3463 863 3523; x_wconf 87' lang='lat' dir='ltr'>bonorum</span> <span class='ocrx_word' id='word_1_336' title='bbox 879 3464 961 3544; x_wconf 83' lang='lat' dir='ltr'>eopia</span> <span class='ocrx_word' id='word_1_337' title='bbox 977 3469 1007 3524; x_wconf 89' lang='lat' dir='ltr'>et</span> <span class='ocrx_word' id='word_1_338' title='bbox 1020 3464 1166 3538; x_wconf 81' lang='lat' dir='ltr'>varietate,</span> <span class='ocrx_word' id='word_1_339' title='bbox 1186 3479 1262 3542; x_wconf 84' lang='lat' dir='ltr'>qnae</span> <span class='ocrx_word' id='word_1_340' title='bbox 1362 3517 1368 3522; x_wconf 94' lang='lat'>.</span> 
     </span>
    </p>
   </div>
   <div class='ocr_carea' id='block_1_17' title="bbox 41 3540 1263 4344">
    <p class='ocr_par' dir='ltr' id='par_1_17' title="bbox 41 3540 1263 4344">
     <span class='ocr_line' id='line_1_37' title="bbox 118 3540 1260 3625; baseline -0.006 -19"><span class='ocrx_word' id='word_1_341' title='bbox 118 3547 155 3606; x_wconf 91' lang='lat' dir='ltr'>&#39;iu</span> <span class='ocrx_word' id='word_1_342' title='bbox 174 3564 210 3604; x_wconf 90' lang='lat' dir='ltr'>eo</span> <span class='ocrx_word' id='word_1_343' title='bbox 229 3543 311 3605; x_wconf 86' lang='lat' dir='ltr'>uobis</span> <span class='ocrx_word' id='word_1_344' title='bbox 331 3550 398 3604; x_wconf 83' lang='lat' dir='ltr'>suut</span> <span class='ocrx_word' id='word_1_345' title='bbox 416 3545 557 3625; x_wconf 77' lang='lat' dir='ltr'>exponite,</span> <span class='ocrx_word' id='word_1_346' title='bbox 576 3542 715 3602; x_wconf 82' lang='lat' dir='ltr'>lmamnr.</span> <span class='ocrx_word' id='word_1_347' title='bbox 745 3540 823 3602; x_wconf 79' lang='lat' dir='ltr'>llaec</span> <span class='ocrx_word' id='word_1_348' title='bbox 841 3542 985 3624; x_wconf 79' lang='lat' dir='ltr'>gratitudo</span> <span class='ocrx_word' id='word_1_349' title='bbox 1006 3545 1107 3603; x_wconf 90' lang='lat' dir='ltr'>unicae</span> <span class='ocrx_word' id='word_1_350' title='bbox 1127 3559 1260 3622; x_wconf 88' lang='lat' dir='ltr'>compen·</span> 
     </span>
     <span class='ocr_line' id='line_1_38' title="bbox 125 3621 1260 3704; baseline -0.005 -20"><span class='ocrx_word' id='word_1_351' title='bbox 125 3626 243 3684; x_wconf 89' lang='lat' dir='ltr'>sationis</span> <span class='ocrx_word' id='word_1_352' title='bbox 267 3624 333 3684; x_wconf 90' lang='lat' dir='ltr'>loco</span> <span class='ocrx_word' id='word_1_353' title='bbox 357 3631 402 3684; x_wconf 87' lang='lat' dir='ltr'>ast</span> <span class='ocrx_word' id='word_1_354' title='bbox 424 3623 502 3704; x_wconf 91' lang='lat' dir='ltr'>apud</span> <span class='ocrx_word' id='word_1_355' title='bbox 521 3621 630 3694; x_wconf 88' lang='lat' dir='ltr'>Deum,</span> <span class='ocrx_word' id='word_1_356' title='bbox 661 3621 709 3682; x_wconf 92' lang='lat' dir='ltr'>ubi</span> <span class='ocrx_word' id='word_1_357' title='bbox 735 3621 828 3682; x_wconf 88' lang='lat' dir='ltr'>debita</span> <span class='ocrx_word' id='word_1_358' title='bbox 853 3641 919 3682; x_wconf 86' lang='lat' dir='ltr'>eum</span> <span class='ocrx_word' id='word_1_359' title='bbox 944 3621 1029 3682; x_wconf 89' lang='lat' dir='ltr'>leude</span> <span class='ocrx_word' id='word_1_360' title='bbox 1053 3623 1260 3704; x_wconf 74' lang='lat' dir='ltr'>prosequimur.</span> 
     </span>
     <span class='ocr_line' id='line_1_39' title="bbox 41 3701 1262 3784; baseline -0.003 -21"><span class='ocrx_word' id='word_1_361' title='bbox 41 3749 44 3756; x_wconf 35' lang='lat'><strong>⁴</strong></span> <span class='ocrx_word' id='word_1_362' title='bbox 126 3702 216 3782; x_wconf 84' lang='lat' dir='ltr'>Quod</span> <span class='ocrx_word' id='word_1_363' title='bbox 246 3701 338 3776; x_wconf 78' lang='lat' dir='ltr'>addit,</span> <span class='ocrx_word' id='word_1_364' title='bbox 374 3707 497 3766; x_wconf 66' lang='lat' dir='ltr'>Matar</span> <span class='ocrx_word' id='word_1_365' title='bbox 515 3705 627 3764; x_wconf 79' lang='lat' dir='ltr'>ledono</span> <span class='ocrx_word' id='word_1_366' title='bbox 655 3709 690 3764; x_wconf 81' lang='lat' dir='ltr'>to</span> <span class='ocrx_word' id='word_1_367' title='bbox 719 3703 855 3784; x_wconf 69' lang='lat' dir='ltr'>operito-s</span> <span class='ocrx_word' id='word_1_368' title='bbox 877 3709 953 3774; x_wconf 83' lang='lat' dir='ltr'>suia,</span> <span class='ocrx_word' id='word_1_369' title='bbox 986 3703 1102 3767; x_wconf 85' lang='lat' dir='ltr'>minime</span> <span class='ocrx_word' id='word_1_370' title='bbox 1127 3717 1262 3782; x_wconf 72' lang='lat' dir='ltr'>superna·</span> 
     </span>
     <span class='ocr_line' id='line_1_40' title="bbox 124 3779 1262 3864; baseline -0.004 -22"><span class='ocrx_word' id='word_1_371' title='bbox 124 3801 212 3843; x_wconf 90' lang='lat' dir='ltr'>cuum</span> <span class='ocrx_word' id='word_1_372' title='bbox 231 3790 284 3843; x_wconf 88' lang='lat' dir='ltr'>est.</span> <span class='ocrx_word' id='word_1_373' title='bbox 309 3781 398 3864; x_wconf 81' lang='lat' dir='ltr'>Cupit</span> <span class='ocrx_word' id='word_1_374' title='bbox 417 3784 492 3845; x_wconf 87' lang='lat' dir='ltr'>euim</span> <span class='ocrx_word' id='word_1_375' title='bbox 512 3782 650 3857; x_wconf 90' lang='lat' dir='ltr'>ordinem,</span> <span class='ocrx_word' id='word_1_376' title='bbox 671 3801 758 3864; x_wconf 90' lang='lat' dir='ltr'>quem</span> <span class='ocrx_word' id='word_1_377' title='bbox 778 3781 814 3840; x_wconf 91' lang='lat' dir='ltr'>ab</span> <span class='ocrx_word' id='word_1_378' title='bbox 833 3779 914 3841; x_wconf 88' lang='lat' dir='ltr'>initio</span> <span class='ocrx_word' id='word_1_379' title='bbox 923 3780 1005 3842; x_wconf 86' lang='lat' dir='ltr'>Dens</span> <span class='ocrx_word' id='word_1_380' title='bbox 1023 3783 1154 3854; x_wconf 84' lang='lat' dir='ltr'>instituit,</span> <span class='ocrx_word' id='word_1_381' title='bbox 1173 3781 1262 3839; x_wconf 85' lang='lat' dir='ltr'>tinere</span> 
     </span>
     <span class='ocr_line' id='line_1_41' title="bbox 124 3851 1262 3944; baseline -0.005 -20"><span class='ocrx_word' id='word_1_382' title='bbox 124 3865 155 3924; x_wconf 90' lang='lat' dir='ltr'>iu</span> <span class='ocrx_word' id='word_1_383' title='bbox 175 3861 302 3944; x_wconf 74' lang='lat' dir='ltr'>legitimo</span> <span class='ocrx_word' id='word_1_384' title='bbox 323 3863 464 3924; x_wconf 87' lang='lat' dir='ltr'>donorum</span> <span class='ocrx_word' id='word_1_385' title='bbox 483 3864 545 3922; x_wconf 86' lang='lat' dir='ltr'>eius</span> <span class='ocrx_word' id='word_1_386' title='bbox 565 3881 629 3924; x_wconf 85' lang='lat' dir='ltr'>uso.</span> <span class='ocrx_word' id='word_1_387' title='bbox 650 3859 733 3922; x_wconf 85' lang='lat' dir='ltr'>Sicut</span> <span class='ocrx_word' id='word_1_388' title='bbox 752 3861 828 3921; x_wconf 88' lang='lat' dir='ltr'>cuim</span> <span class='ocrx_word' id='word_1_389' title='bbox 847 3880 913 3922; x_wconf 87' lang='lat' dir='ltr'>cnm</span> <span class='ocrx_word' id='word_1_390' title='bbox 933 3861 1073 3943; x_wconf 87' lang='lat' dir='ltr'>poenituit</span> <span class='ocrx_word' id='word_1_391' title='bbox 1092 3859 1192 3922; x_wconf 84' lang='lat' dir='ltr'>fecisse</span> <span class='ocrx_word' id='word_1_392' title='bbox 1211 3851 1262 3918; x_wconf 76' lang='lat' dir='ltr'>lio·</span> 
     </span>
     <span class='ocr_line' id='line_1_42' title="bbox 124 3940 1261 4023; baseline -0.006 -20"><span class='ocrx_word' id='word_1_393' title='bbox 124 3943 240 4018; x_wconf 82' lang='lat' dir='ltr'>minem,</span> <span class='ocrx_word' id='word_1_394' title='bbox 260 3941 332 4006; x_wconf 83' lang='lat' dir='ltr'>Gen.</span> <span class='ocrx_word' id='word_1_395' title='bbox 353 3945 382 4020; x_wconf 83' lang='lat'>6,</span> <span class='ocrx_word' id='word_1_396' title='bbox 401 3946 428 4006; x_wconf 83' lang='lat'>6.</span> <span class='ocrx_word' id='word_1_397' title='bbox 457 3943 497 4002; x_wconf 84' lang='lat' dir='ltr'>ita</span> <span class='ocrx_word' id='word_1_398' title='bbox 517 3941 586 4002; x_wconf 86' lang='lat' dir='ltr'>dum</span> <span class='ocrx_word' id='word_1_399' title='bbox 607 3960 689 4003; x_wconf 83' lang='lat' dir='ltr'>suam</span> <span class='ocrx_word' id='word_1_400' title='bbox 708 3941 931 4002; x_wconf 81' lang='lat' dir='ltr'>benedictionem</span> <span class='ocrx_word' id='word_1_401' title='bbox 949 3943 1093 4023; x_wconf 88' lang='lat' dir='ltr'>inquinari</span> <span class='ocrx_word' id='word_1_402' title='bbox 1112 3940 1191 4000; x_wconf 87' lang='lat' dir='ltr'>videt</span> <span class='ocrx_word' id='word_1_403' title='bbox 1210 3957 1261 3997; x_wconf 90' lang='lat' dir='ltr'>no-</span> 
     </span>
     <span class='ocr_line' id='line_1_43' title="bbox 123 4021 1263 4103; baseline -0.006 -21"><span class='ocrx_word' id='word_1_404' title='bbox 123 4023 190 4083; x_wconf 90' lang='lat' dir='ltr'>stris</span> <span class='ocrx_word' id='word_1_405' title='bbox 209 4023 392 4103; x_wconf 83' lang='lat' dir='ltr'>corruptelis,</span> <span class='ocrx_word' id='word_1_406' title='bbox 417 4021 635 4084; x_wconf 85' lang='lat' dir='ltr'>oblectationem</span> <span class='ocrx_word' id='word_1_407' title='bbox 659 4041 698 4084; x_wconf 85' lang='lat' dir='ltr'>ex</span> <span class='ocrx_word' id='word_1_408' title='bbox 717 4040 749 4084; x_wconf 89' lang='lat' dir='ltr'>ea</span> <span class='ocrx_word' id='word_1_409' title='bbox 772 4039 873 4102; x_wconf 84' lang='lat' dir='ltr'>capere</span> <span class='ocrx_word' id='word_1_410' title='bbox 893 4021 1003 4084; x_wconf 83' lang='lat' dir='ltr'>desinit.</span> <span class='ocrx_word' id='word_1_411' title='bbox 1041 4021 1079 4082; x_wconf 87' lang='lat' dir='ltr'>Et</span> <span class='ocrx_word' id='word_1_412' title='bbox 1098 4025 1175 4080; x_wconf 86' lang='lat' dir='ltr'>certe</span> <span class='ocrx_word' id='word_1_413' title='bbox 1194 4035 1263 4077; x_wconf 87' lang='lat' dir='ltr'>cou-</span> 
     </span>
     <span class='ocr_line' id='line_1_44' title="bbox 123 4100 1261 4184; baseline -0.005 -23"><span class='ocrx_word' id='word_1_414' title='bbox 123 4101 207 4162; x_wconf 80' lang='lat' dir='ltr'>l&#39;nsae</span> <span class='ocrx_word' id='word_1_415' title='bbox 225 4102 455 4184; x_wconf 89' lang='lat' dir='ltr'>perturbationes</span> <span class='ocrx_word' id='word_1_416' title='bbox 475 4119 550 4182; x_wconf 84' lang='lat' dir='ltr'>quae</span> <span class='ocrx_word' id='word_1_417' title='bbox 568 4101 701 4162; x_wconf 85' lang='lat' dir='ltr'>accidunt</span> <span class='ocrx_word' id='word_1_418' title='bbox 726 4101 774 4161; x_wconf 90' lang='lat' dir='ltr'>nbi</span> <span class='ocrx_word' id='word_1_419' title='bbox 800 4101 939 4162; x_wconf 85' lang='lat' dir='ltr'>elementa</span> <span class='ocrx_word' id='word_1_420' title='bbox 963 4104 993 4161; x_wconf 88' lang='lat' dir='ltr'>in</span> <span class='ocrx_word' id='word_1_421' title='bbox 1013 4100 1108 4162; x_wconf 88' lang='lat' dir='ltr'>officio</span> <span class='ocrx_word' id='word_1_422' title='bbox 1128 4117 1181 4159; x_wconf 89' lang='lat' dir='ltr'>suo</span> <span class='ocrx_word' id='word_1_423' title='bbox 1202 4115 1261 4156; x_wconf 88' lang='lat' dir='ltr'>ces·</span> 
     </span>
     <span class='ocr_line' id='line_1_45' title="bbox 121 4175 1263 4265; baseline -0.008 -21"><span class='ocrx_word' id='word_1_424' title='bbox 121 4188 212 4265; x_wconf 36' lang='lat' dir='ltr'>*ssntq</span> <span class='ocrx_word' id='word_1_425' title='bbox 234 4189 376 4244; x_wconf 80' lang='lat' dir='ltr'>testamur</span> <span class='ocrx_word' id='word_1_426' title='bbox 400 4180 575 4261; x_wconf 74' lang='lat' dir='ltr'>displicentia</span> <span class='ocrx_word' id='word_1_427' title='bbox 601 4188 630 4242; x_wconf 86' lang='lat' dir='ltr'>et</span> <span class='ocrx_word' id='word_1_428' title='bbox 654 4181 749 4244; x_wconf 85' lang='lat' dir='ltr'>taedio</span> <span class='ocrx_word' id='word_1_429' title='bbox 770 4179 871 4242; x_wconf 82' lang='lat' dir='ltr'>Deum</span> <span class='ocrx_word' id='word_1_430' title='bbox 896 4179 999 4242; x_wconf 89' lang='lat' dir='ltr'>adduci</span> <span class='ocrx_word' id='word_1_431' title='bbox 1027 4187 1061 4242; x_wconf 91' lang='lat' dir='ltr'>ut</span> <span class='ocrx_word' id='word_1_432' title='bbox 1084 4175 1263 4259; x_wconf 72' lang='lat' dir='ltr'>aequabilem</span> 
     </span>
     <span class='ocr_line' id='line_1_46' title="bbox 123 4257 1263 4344; baseline -0.007 -22"><span class='ocrx_word' id='word_1_433' title='bbox 123 4279 242 4322; x_wconf 86' lang='lat' dir='ltr'>cursum</span> <span class='ocrx_word' id='word_1_434' title='bbox 262 4280 331 4321; x_wconf 87' lang='lat' dir='ltr'>anae</span> <span class='ocrx_word' id='word_1_435' title='bbox 350 4259 553 4322; x_wconf 83' lang='lat' dir='ltr'>beneficentiae</span> <span class='ocrx_word' id='word_1_436' title='bbox 572 4257 737 4344; x_wconf 86' lang='lat' dir='ltr'>abrumpat:</span> <span class='ocrx_word' id='word_1_437' title='bbox 758 4279 816 4322; x_wconf 91' lang='lat' dir='ltr'>nou</span> <span class='ocrx_word' id='word_1_438' title='bbox 838 4260 915 4342; x_wconf 94' lang='lat' dir='ltr'>quod</span> <span class='ocrx_word' id='word_1_439' title='bbox 934 4262 965 4320; x_wconf 87' lang='lat' dir='ltr'>in</span> <span class='ocrx_word' id='word_1_440' title='bbox 984 4278 1050 4321; x_wconf 89' lang='lat' dir='ltr'>eum</span> <span class='ocrx_word' id='word_1_441' title='bbox 1070 4260 1172 4320; x_wconf 89' lang='lat' dir='ltr'>cadant</span> <span class='ocrx_word' id='word_1_442' title='bbox 1190 4258 1263 4316; x_wconf 89' lang='lat' dir='ltr'>eius·</span> 
     </span>
    </p>
   </div>
   <div class='ocr_carea' id='block_1_18' title="bbox 122 4334 1404 4422">
    <p class='ocr_par' dir='ltr' id='par_1_18' title="bbox 122 4334 1404 4422">
     <span class='ocr_line' id='line_1_47' title="bbox 122 4334 1404 4422; baseline -0.008 -22"><span class='ocrx_word' id='word_1_443' title='bbox 122 4339 203 4402; x_wconf 86' lang='lat' dir='ltr'>modi</span> <span class='ocrx_word' id='word_1_444' title='bbox 223 4342 383 4420; x_wconf 81' lang='lat' dir='ltr'>passiones:</span> <span class='ocrx_word' id='word_1_445' title='bbox 409 4339 459 4400; x_wconf 85' lang='lat' dir='ltr'>ead</span> <span class='ocrx_word' id='word_1_446' title='bbox 478 4357 629 4422; x_wconf 85' lang='lat' dir='ltr'>personam</span> <span class='ocrx_word' id='word_1_447' title='bbox 649 4341 749 4422; x_wconf 90' lang='lat' dir='ltr'>optimi</span> <span class='ocrx_word' id='word_1_448' title='bbox 768 4343 856 4421; x_wconf 85' lang='lat' dir='ltr'>patuis</span> <span class='ocrx_word' id='word_1_449' title='bbox 875 4339 982 4412; x_wconf 84' lang='lat' dir='ltr'>induit,</span> <span class='ocrx_word' id='word_1_450' title='bbox 1009 4338 1058 4421; x_wconf 93' lang='lat' dir='ltr'>qui</span> <span class='ocrx_word' id='word_1_451' title='bbox 1077 4337 1142 4398; x_wconf 86' lang='lat' dir='ltr'>liliis</span> <span class='ocrx_word' id='word_1_452' title='bbox 1162 4334 1264 4396; x_wconf 87' lang='lat' dir='ltr'>blande</span> <span class='ocrx_word' id='word_1_453' title='bbox 1396 4375 1404 4390; x_wconf 89' lang='lat'>.</span> 
     </span>
    </p>
   </div>
   <div class='ocr_carea' id='block_1_19' title="bbox 122 4415 1264 4564">
    <p class='ocr_par' dir='ltr' id='par_1_19' title="bbox 122 4415 1264 4564">
     <span class='ocr_line' id='line_1_48' title="bbox 122 4415 1264 4564; baseline -0.003 -83"><span class='ocrx_word' id='word_1_454' title='bbox 122 4419 259 4484; x_wconf 74' lang='lat' dir='ltr'>fovendis</span> <span class='ocrx_word' id='word_1_455' title='bbox 282 4427 314 4482; x_wconf 85' lang='lat' dir='ltr'>et</span> <span class='ocrx_word' id='word_1_456' title='bbox 336 4420 490 4483; x_wconf 83' lang='lat' dir='ltr'>liberaliter</span> <span class='ocrx_word' id='word_1_457' title='bbox 513 4417 622 4482; x_wconf 84' lang='lat' dir='ltr'>alendis</span> <span class='ocrx_word' id='word_1_458' title='bbox 646 4439 678 4482; x_wconf 87' lang='lat' dir='ltr'>ee</span> <span class='ocrx_word' id='word_1_459' title='bbox 701 4419 843 4512; x_wconf 63' lang='lat' dir='ltr'>oblectat</span> <span class='ocrx_word' id='word_1_460' title='bbox 873 4419 1011 4564; x_wconf 53' lang='grc' dir='ltr'><strong>Ιίπὸοξὶωο</strong></span> <span class='ocrx_word' id='word_1_461' title='bbox 1031 4437 1117 4480; x_wconf 81' lang='lat' dir='ltr'>romu</span> <span class='ocrx_word' id='word_1_462' title='bbox 1140 4415 1264 4480; x_wconf 82' lang='lat' dir='ltr'>ostendit</span> 
     </span>
    </p>
   </div>
   <div class='ocr_carea' id='block_1_20' title="bbox 0 0 1453 4886">
    <p class='ocr_par' dir='ltr' id='par_1_20' title="bbox 0 0 1453 4886">
     <span class='ocr_line' id='line_1_49' title="bbox 0 0 1453 4886; baseline 0 0"><span class='ocrx_word' id='word_1_463' title='bbox 0 0 1453 4886; x_wconf 95' lang='lat' dir='ltr'> </span> 
     </span>
    </p>
   </div>
  </div>
 </body>
</html>
