2816 4880
408 105 411 120 ·
543 53 559 132 l

90 341 93 351 Δ
184 275 239 334 505
298 265 342 292 '¹
612 279 901 322 ιιιινιιυι

267 405 316 468 is.
335 404 530 496 1>me
549 381 677 466 renea)
707 399 787 465 rue
804 401 933 468 mnan
952 403 1077 470 mnne
1094 408 1140 466 ar
1159 402 1279 484 propo
1299 403 1341 464 n-

188 483 310 556 delinm,
329 501 413 566 'qnos
438 481 576 562 singulari
600 483 686 562 privil
722 485 750 544 ‘o
770 482 850 554 Dens
867 484 906 549 ad
925 503 957 546 se
975 485 1092 556 inritat,
1121 483 1280 564 propitium
1301 503 1340 544 oe

187 583 287 628 eorum
307 563 382 624 votis
402 561 465 622 lore
480 562 662 641 promittens.
718 571 730 622 t
748 570 825 628 certe
844 565 951 636 otioso,
971 565 1030 624 imo
1048 566 1135 624 otium
1154 569 1270 623 mortua
1292 563 1337 622 ia-

125 652 132 668 ‘
188 650 265 706 teret
284 641 355 704 fides
375 641 436 704 aino
455 641 645 720 invocatione,
664 643 694 706 in
714 656 773 723 que
791 663 823 706 oe
843 643 952 724 profert
971 649 1058 722 atque
1076 646 1182 707 emerit
1197 642 1333 723 adoptio-

186 725 231 786 nis
249 723 384 804 Spiritus,
413 727 444 782 et
460 739 519 800 qua
539 727 678 790 testamur
695 721 780 784 nobie
797 731 892 793 certas
910 739 950 784 ae⁴
963 730 1038 784 ratas
1057 742 1120 784 esse
1145 741 1246 793 omnes
1266 725 1336 782 eina

147 859 151 870 ,
210 803 401 864 remissiones.
440 799 562 866 Summa
590 802 676 883 igitur
695 810 749 876 est
779 803 1013 870 inaestimabilem
1039 801 1095 868 Dei
1119 804 1239 882 gratiam
1258 820 1334 881 erga

167 825 286 944 ‘ddeles
315 884 401 948 ineo
429 888 537 960 pateres
563 882 641 960 qnod
665 901 698 944 sc
717 883 773 943 illia
793 891 905 964 patrem
924 883 1050 944 exbibet.
1086 882 1150 948 lom
1170 901 1239 942 vero
1259 885 1335 962 qnia

188 963 296 1026 multae
315 961 398 1024 nobis
417 959 608 1022 dubitationes
626 961 778 1043 obrepunt,
798 966 911 1044 quoties
922 959 1218 1042 roganduassttteus,
1236 967 1333 1041 atque

189 1040 586 1122 itavelircpidsaccedimns,
605 1043 653 1102 vel
673 1042 765 1117 lracti,
784 1050 814 1105 et
827 1045 982 1106 examinati
1002 1041 1159 1116 deficimus,
1180 1041 1228 1100 rel
1246 1047 1334 1102 metu

187 1123 344 1204 languescit
355 1119 439 1182 lidea:
459 1120 524 1180 ideo
540 1122 602 1180 sine
613 1123 784 1202 exceptione
797 1125 968 1204 pronunciat
979 1121 1074 1184 David
1084 1121 1180 1184 Deum
1190 1119 1330 1180 omnibns

130 1275 135 1294 ·
186 1201 715 1346 ttltltlt'tittstitll
730 1202 958 1344 {tntilli
971 1201 1333 1344 ‘tinnientem

188 1362 243 1424 bro
262 1305 331 1424 adra
351 1361 485 1440 precandi
503 1363 577 1426 ratio
598 1363 805 1441 presentiens,
824 1305 928 1444 udmpe
948 1303 981 1424 td
999 1323 1128 1424 veritetb.
1157 1358 1259 1439 Quum
1279 1358 1333 1420 iri·

188 1444 253 1522 gide
282 1443 319 1503 ad
338 1440 435 1502 Deum
458 1440 623 1522 conlugiant
642 1442 787 1520 homines,
806 1443 866 1504 imo
886 1443 933 1502 rel
952 1443 1086 1522 snperbia
1103 1447 1262 1524 turgente,
1284 1439 1332 1498 vel

187 1521 388 1604 indignatione,
407 1541 474 1582 cum
493 1541 529 1582 eo
548 1524 622 1586 inter
640 1523 813 1602 precandum
832 1523 1030 1604 expostulent,
1054 1529 1212 1604 queruntur
1232 1526 1333 1580 tamen

45 1655 52 1680 ,
187 1623 221 1664 ae
246 1623 304 1666 non
328 1600 473 1672 mndiri,
503 1603 585 1682 qnasi
611 1621 679 1664 vern
699 1604 774 1664 inter
792 1605 901 1684 precari
920 1609 951 1664 et
970 1603 1071 1677 rlaari,
1100 1599 1148 1662 vel
1165 1601 1242 1660 iuteo
1261 1599 1332 1658 fidei

167 1707 178 1748 .·
189 1683 383 1748 testimoninm
406 1689 437 1744 et
461 1680 651 1760 hypocrisim,
679 1683 791 1759 nplloan
817 1685 854 1744 sit
877 1684 1038 1745 discrirmm
1077 1673 1170 1742 blaior
1188 1697 1256 1760 para
1277 1698 1331 1738 soa

188 1762 354 1824 infidelitate
373 1759 526 1842 implicita,
545 1761 597 1822 vix
616 1759 713 1824 Deum
732 1765 762 1824 in
782 1763 864 1826 coelo
883 1781 945 1824 esse
964 1764 1084 1846 cogilalt
1107 1761 1157 1822 atti
1175 1779 1243 1820 eum
1263 1759 1332 1818 inde

188 1841 309 1902 libenter
327 1847 508 1902 excuterent:
536 1841 584 1902 atii
604 1841 713 1904 vellent
730 1842 785 1904 sibi
803 1864 866 1906 esse
885 1841 1056 1904 obnoxium:
1082 1841 1134 1902 alii
1152 1840 1332 1902 defunctorie

188 1925 251 1982 eins
282 1919 415 2002 placandi
438 1920 557 1982 modum
577 1921 702 2062 plipaem
720 1932 879 2004 quarunt,
907 1925 946 1984 ita
966 1923 1091 2004 rotgerio
1110 1918 1332 2000 compescendi

29 1983 34 1990 ’
110 2015 115 2024 ’
189 2001 261 2062 nihil
285 2002 361 2061 alind
381 2005 425 2060 eat
445 2019 533 2080 qnam
553 1999 608 2062 [ιιι
639 2010 704 2064 aet
723 2005 815 2064 inanis
834 2005 1011 2066 ceremonias
1045 1999 1083 2064 lit
1122 2019 1192 2060 oum
1211 1998 1249 2060 ad
1267 1997 1329 2058 De·

68 2121 71 2130 ·
188 2101 240 2145 uno
260 2082 290 2142 iu
310 2093 361 2142 tna
380 2081 684 2142 necennensium
699 2089 780 2144 totas
800 2083 861 2145 lece
878 2083 1013 2166 muudus,
1032 2083 1084 2144 vix
1195 2098 1230 2140 ιιι
1249 2080 1328 2158 qnis-

187 2181 247 2242 qne
276 2162 360 2222 allert
383 2159 451 2222 lldei
474 2161 526 2222 ant
543 2163 734 2242 poenitemim
752 2171 880 2244 guttam,
907 2167 988 2262 etqui
1007 2167 1165 2245 praeatum
1181 2159 1328 2240 sepultum

104 2287 110 2300 ,
187 2243 350 2321 rdinpuere
372 2239 431 2302 Dei
458 2261 579 2316 nomeu,
607 2261 695 2323 quun
719 2245 823 2306 talibus
845 2243 975 2306 ludibrica
992 2243 1140 2324 subiicere.
1177 2239 1249 2300 ldeo
1267 2257 1326 2298 non

187 2321 296 2384 trustra
323 2324 366 2382 in,
402 2320 513 2382 renibus
541 2323 666 2402 exigitur
688 2326 809 2400 veina,
838 2332 873 2386 nt
895 2325 1014 2406 prodeat
1038 2343 1077 2384 ers·
1100 2322 1211 2382 sincero
1230 2317 1327 2378 eorde.

176 2400 282 2464 ·Porro
301 2419 367 2464 men
388 2401 450 2475 acii,
467 2401 548 2482 qood
567 2401 635 2462 hnic
653 2405 806 2466 sinceritati
825 2407 1000 2466 eontrarium
1010 2411 1062 2478 eat,
1083 2403 1325 2478 vodoesuutspe·

95 2491 99 2499 “
188 2483 248 2544 cies
266 2499 301 2542 ac
320 2500 411 2562 prope
429 2482 608 2544 monmorde:
627 2483 792 2559 infidelitas,
811 2485 960 2559 dubitatio,
980 2479 1164 2564 impatientia,
1184 2498 1325 2554 murmur,

186 2563 255 2624 licta
274 2561 429 2640 humilitas,
449 2563 568 2624 vitiosae
587 2563 769 2642 cupiditatem
791 2566 909 2628 totidem
928 2563 1164 2638 sontmendoeia
1189 2558 1323 2638 Ιιιιιςιιίι

187 2641 261 2706 bueo
277 2641 429 2722 aculens
448 2645 586 2704 momenti
604 2644 733 2705 doctrin
751 2653 805 2719 eat,
825 2663 925 2708 ιιιιιιιι
943 2663 1008 2706 eam
1027 2643 1171 2724 uegetiore
1189 2639 1322 2719 proximo

187 2742 275 2784 versu
293 2722 446 2784 conlimnai
466 2721 568 2782 David.
600 2725 639 2785 nt
660 2745 697 2786 ue
715 2725 788 2787 baec
807 2725 937 2806 repetitio
957 2725 1106 2803 diiigenter
1124 2717 1242 2782 minda
1259 2721 1318 2776 cst:

134 2851 138 2872 ,
187 2805 258 2884 qnia
277 2803 350 2864 adeo
371 2802 498 2884 proclive
518 2803 601 2866 noble
619 2744 659 2864 ad
676 2805 900 2866 incredulitatem
920 2805 1065 2884 ingenium
1084 2809 1143 2875 est,
1163 2805 1194 2858 nt
1211 2797 1307 2889 paucio

187 2885 255 2944 ainai
282 2890 460 2944 statuentes
483 2891 606 2946 vacate
625 2882 700 2959 Deo,
725 2905 782 2946 non
806 2886 911 2946 leuctra
931 2903 1032 2964 preeea
1051 2883 1209 2961 mucipero·
1247 2873 1323 2936 llum

188 2963 223 3024 lit
253 2971 288 3026 ut
313 2982 449 3044 perrona
468 2964 587 3043 agitatio
610 2963 669 3026 buo
691 2971 723 3030 ot
745 2967 814 3026 illac
837 2984 923 3045 vagas
940 2971 1053 3040 mentes
1071 2961 1214 3042 impolluta
1242 2957 1322 3016 ticoli

187 3046 218 3104 in
239 3042 279 3102 Pa
301 3051 351 3102 atu
379 3042 432 3102 sibi
460 3045 661 3121 excogitarunt
687 3046 853 3106 innumeros
880 3051 1033 3127 patronos,
1062 3044 1130 3123 quia
1159 3034 1321 3120 pronihilo

187 3123 249 3184 lere
272 3063 427 3198 docebant,
449 3120 504 3182 llei
528 3124 740 3203 promisione,
763 3125 868 3206 quibua
887 3145 941 3187 noo
960 3124 995 3184 ad
1016 3143 1048 3184 se
1066 3123 1181 3193 invitat,
1210 3115 1323 3177 indubia

187 3203 247 3265 lide
265 3222 312 3264 ana
332 3203 409 3262 lecti.
434 3201 512 3282 Ergo
532 3210 565 3263 nt
583 3203 668 3266 btius
687 3213 802 3286 pateam
821 3205 911 3276 lorea,
931 3205 978 3264 bic
996 3202 1121 3286 Spiritu
1138 3205 1254 3260 ιιιιιιιιι
1272 3215 1324 3274 per

69 3350 78 3364 ἱ
187 3223 353 3346 osDavldia
370 3281 603 3344 inculcatDcum
621 3307 733 3346 morem
754 3309 858 3370 gerere
873 3294 995 3366 pineum
1013 3291 1145 3376 oraminis
1162 3279 1324 3340 desidmiie·

188 3362 276 3442 Qnae
305 3363 436 3443 loquutio
465 3363 521 3423 dici
548 3384 609 3425 nna
638 3373 733 3446 potest
752 3385 840 3446 qnam
858 3365 1013 3426 efficaciter
1030 3367 1060 3424 iu
1079 3380 1191 3422 animos
1209 3363 1324 3418 nostros

187 3450 339 3524 penetrare
361 3442 472 3504 teser.
511 3441 590 3522 Quid
609 3446 685 3506 enim
705 3453 750 3506 eat
769 3447 871 3519 bomo,
890 3453 924 3506 nt
942 3445 1005 3506 eins
1024 3441 1165 3504 voluntati
1188 3457 1220 3500 oe
1236 3437 1324 3498 mori·

188 3543 291 3604 gerum
310 3523 444 3604 praebeat
462 3521 558 3586 Densi
581 3528 665 3585 culos
682 3525 858 3587 altitudinem
877 3528 1037 3606 suspicere,
1055 3530 1086 3584 ot
1105 3521 1186 3582 nnius
1205 3517 1325 3597 inperio

189 3603 356 3686 suppliciter
376 3621 476 3684 parere
494 3611 625 3666 nostrum
643 3609 707 3666 eati
726 3609 805 3687 atqui
825 3606 862 3667 ad
882 3605 955 3666 lrauc
974 3607 1065 3685 legem
1085 3601 1161 3662 ultro
1179 3603 1212 3659 sb
1224 3596 1323 3658 deurit·

86 3750 89 3762 ,
189 3686 226 3744 tit
256 3690 288 3743 ut
317 3686 420 3742 uentris
449 3682 592 3746 desideriis
616 3684 800 3764 obtemperet
841 3685 1016 3766 Quanquam
1040 3684 1121 3744 lreno
1141 3674 1324 3760 temperanda

187 3770 234 3822 est
258 3761 330 3824 lraec
348 3763 479 3836 tiberim
504 3783 540 3823 ne
562 3783 598 3824 ne
616 3770 691 3826 enirn
711 3767 822 3827 licentia
863 3766 955 3826 nidois
974 3763 1125 3846 appetendi
1195 3758 1326 3831 mittitur,

189 3849 225 3904 nt
242 3849 377 3924 proterve
396 3843 532 3923 quicquid
541 3785 638 3904 birido
657 3847 762 3920 tulerit,
781 3847 856 3927 pila
896 3867 932 3907 en
946 3847 1086 3926 llngitent:
1170 3847 1325 3916 animum

188 3943 292 3984 corum
315 3931 383 3983 vota
409 3943 440 3983 se
459 3925 660 3985 exauditurum
679 3923 802 3988 allisanet
822 3924 918 3998 Deua,
948 3944 1049 3986 eornm
1068 3919 1215 3984 allectibnn
1231 3918 1326 3993 legem

189 4001 366 4076 obedientiae
385 4010 413 4062 ct
433 4003 589 4064 modestiae
607 4005 707 4080 edicit,
726 4005 967 4087 quemadmodum
986 4005 1069 4066 docel
1089 4003 1225 4075 loannes,
1262 3996 1323 4054 Sci·

189 4103 255 4144 rnna
279 4084 357 4163 quod
378 4083 448 4144 nibil
468 4082 549 4145 nobis
569 4087 697 4164 negabit,
726 4090 751 4146 si
770 4087 885 4167 quidem
906 4087 1068 4166 petierimus
1086 4082 1243 4144 secundum
1262 4079 1325 4137 eina

189 4163 383 4232 volontatem,
424 4170 450 4225 1.
464 4162 541 4224 loom
560 4169 590 4237 5,
611 4166 657 4226 14.
698 4165 796 4246 Atque
815 4167 869 4228 lrac
888 4167 925 4226 de
944 4183 1029 4227 cansa
1048 4157 1325 4242 lormaurprecendi

188 4245 310 4304 dictavit
338 4245 420 4304 nobis
437 4243 585 4318 christoe,
615 4243 715 4306 Matilo.
735 4249 765 4320 6,
786 4252 833 4310 10.
875 4245 938 4308 Fiet
960 4245 1177 4305 voluntantum
1208 4248 1239 4300 nt
1258 4259 1322 4300 ean·

190 4323 279 4384 cellos
298 4323 380 4392 nobis
398 4323 595 4394 eimuurdamt,
614 4344 652 4386 ne
671 4335 853 4408 praepostere
863 4326 918 4385 llei
937 4323 1118 4404 beneplacitis
1138 4329 1234 4382 nostra
1245 4339 1322 4399 prae·

191 4401 329 4478 luamus,
368 4402 416 4464 vel
444 4406 505 4464 sine
533 4405 643 4466 delectu
672 4414 801 4486 petanm
830 4407 967 4488 quicquid
997 4407 1026 4465 iu
1055 4405 1176 4464 buccam
1205 4403 1323 4464 venerit
