2874 4888
54 2723 56 2730 '
85 2713 94 2730 ¹
184 2728 286 2770 curam
303 2705 426 2788 praeterr
444 2705 538 2768 Moses
559 2725 617 2786 qua
635 2708 760 2768 maxim
778 2707 892 2769 volebat
910 2711 1094 2770 innotescere.

181 271 235 335 144
604 275 890 318 scannrus

150 379 156 400 ’
184 407 300 462 turnum
325 397 492 482 languorem
515 395 646 480 deplorat
669 391 865 480 in'particula
885 389 1050 540 erengus}
1090 398 1183 462 Sicuti
1206 405 1321 482 tergum

185 479 268 548 Dens
287 461 452 552 obvertere,
481 477 528 538 rel
552 477 654 559 procot
676 477 796 540 anobis
820 479 953 540 recedere
999 483 1096 556 citur,
1122 479 1193 540 dnm
1212 479 1321 544 insons

185 562 230 623 sni
249 561 328 640 signa
347 557 513 618 submovet:
531 558 572 618 ita
591 577 643 638 per
662 557 786 620 reditum
805 557 973 639 intelligitur
981 560 1090 652 galiae
1104 559 1319 638 demonstratio.

185 638 335 720 Quantam
364 639 466 698 attinet
489 635 527 698 ad
551 637 790 713 verbnmlbm,
819 639 887 719 quio
912 647 1056 719 poemtere
1076 637 1230 720 significat,
1259 660 1321 702 non

184 721 259 784 male
283 716 405 798 quadrat
429 716 476 776 bio
500 735 614 791 censos,
638 713 787 778 Paeniteat
809 723 839 778 te
862 737 949 798 snper
968 736 1067 780 servos
1090 724 1169 785 tuos:
1194 719 1261 857 goia
1281 739 1337 792 ex,

185 798 331 862 communi
340 795 504 876 Scripturas
523 815 578 856 usu
597 803 710 857 constat
728 797 930 878 pbenitcntiam
942 793 996 858 Dei
1010 797 1116 873 vocari,
1135 796 1185 858 ubi
1212 799 1321 860 bouem

184 880 306 952 tristitie,
325 875 419 958 gaudii
439 877 588 939 maurium
607 878 771 954 scabineos,
790 877 873 957 qnasi
891 883 1018 938 mutatus
1037 885 1165 958 apparet.
1194 875 1253 938 Pro
1273 879 1340 940 ius·

183 966 281 1020 umen
304 955 441 1016 videntur'
459 953 496 1017 ad
521 961 645 1022 mentem
669 955 756 1022 lllosis
779 954 914 1016 bocederc
937 955 987 1036 qni
1011 963 1141 1032 vomunt,
1162 900 1321 1018 &ncubare

183 1045 214 1102 te
232 1055 319 1118 super
338 1053 436 1094 servos
454 1040 530 1108 tuos,
550 1037 617 1114 qnia
636 1033 717 1096 Deus
735 1037 862 1096 suaviter
879 1053 933 1095 nos
952 1035 1085 1112 fovendo,
1104 1055 1263 1098 non-secus
1283 1054 1320 1098 ac

184 1124 267 1260 ρέιῑοι·
285 1113 399 1254 inim
419 1113 481 1172 suis
500 1132 540 1210 se·
551 1113 735 1258 (wabrie
755 1135 826 1176 vero
844 1113 1010 1256 nbfflmmiud
1028 1123 1073 1256 est
1093 1135 1181 1256 qurpm
1190 1115 1317 1256 Ruteni,

184 1212 576 1278 vprcprumesseorcu
619 1213 667 1274 u,
724 1214 885 1276 nuqoop
943 1214 1058 1261 ormse
1090 1214 1189 1258 senen

153 1386 165 1402 ²
273 1360 326 1439 14.
348 1365 434 1437 Satio
455 1389 517 1436 nos
537 1390 632 1437 unane
653 1368 791 1438 bonitate
812 1378 877 1454 tur,
900 1379 934 1438 et
954 1367 1194 1454 exsultabimus,
1213 1379 1247 1438 et
1259 1368 1321 1438 lae·

156 1475 320 1546 'labimur
346 1472 466 1542 eunetis
489 1471 603 1542 diebus
629 1476 755 1544 nostris.
801 1475 853 1549 15.
875 1473 1026 1543 Exhilara
1053 1497 1116 1543 nos
1141 1474 1319 1543 secundum

184 1585 252 1652 dies
273 1575 448 1650 afflictionis
469 1589 607 1664 nostrae,
627 1603 729 1650 annos
751 1581 866 1674 quibus
881 1581 1019 1652 vidimus
1035 1581 1163 1650 malum.
1192 1578 1246 1648 16.
1255 1580 1320 1672 Ap

97 1714 99 1742 ⁴
182 1697 294 1782 pareat
314 1710 388 1778 erga
408 1707 518 1754 servos
539 1695 614 1754 tuos
637 1709 719 1777 opus
740 1697 842 1772 tuum,
862 1697 896 1756 et
916 1687 1012 1756 decor
1032 1698 1107 1757 tuus
1128 1685 1319 1777 superiilios

184 1817 313 1864 eornmr
358 1791 411 1864 17.
433 1778 476 1858 Et
503 1790 544 1858 sit
570 1791 748 1883 pulcritudo
769 1791 902 1860 Domini
923 1793 985 1862 Dei
1007 1793 1108 1862 nostri
1129 1813 1318 1884 supernos,

89 1914 92 1936 ¹
184 1911 218 1969 et
248 1921 330 1992 opus
355 1920 509 1966 manuum
536 1905 716 1968 nostrarum
744 1899 841 1994 dirige
868 1923 964 1994 super
989 1922 1066 1987 nos,
1096 1909 1234 1992 etopus
1253 1922 1318 1966 ma

137 2053 139 2060 1
180 2029 286 2074 nuum
305 2007 484 2073 nottrmum
505 2003 611 2096 dirige.
981 2021 984 2028 ’

264 2117 314 2212 do.
332 2152 488 2230 Apporeot
517 2167 592 2230 ergo
615 2141 714 2210 urica
736 2157 814 2212 tuor.
853 2147 931 2229 Quia
952 2112 1041 2226 Deus,
1059 2121 1216 2210 Ecclesiam
1234 2167 1318 2212 susm

184 2229 330 2303 deserens,
359 2227 571 2309 quodammodo
594 2229 716 2290 alienam
740 2248 891 2310 personam
914 2230 1019 2305 induit,
1043 2232 1114 2290 scite
1132 2227 1228 2290 Moses
1244 2251 1318 2308 pro-

180 2319 285 2392 prium
303 2316 366 2369 etos
384 2330 459 2390 opus
482 2310 613 2370 nominat
636 2311 820 2390 protectionis
843 2311 964 2391 gratiam
988 2328 1075 2391 quam
1094 2308 1237 2390 pollicitus
1255 2309 1317 2386 luc

185 2397 233 2452 rat
251 2389 318 2450 liliis
336 2387 477 2449 Abrabae.
515 2383 596 2465 Ergo
620 2387 750 2468 quamvis
778 2390 810 2450 in
833 2389 966 2452 omnibns
988 2407 1147 2528 poenarum
1165 2387 1316 2468 exemplis,

185 2469 290 2551 qrribm
309 2467 465 2549 perfidiam,
484 2467 730 2548 ingratitudinem,
748 2470 970 2544 contumaciam,
1002 2468 1132 2542 bibione,
1155 2487 1316 2564 prpvasqoe

185 2550 353 2646 cupiditates
372 2547 472 2628 populi
490 2547 568 2641 ultus
587 2554 640 2642 est,
658 2548 948 2644 compiounrnincrit
965 2549 1026 2610 eius
1045 2566 1127 2630 opus,
1145 2569 1198 2638 ²⁰⁵?
1216 2552 1316 2636 etoxry

170 2630 247 2692 ‚abrs
266 2627 397 2690 omnibus
417 2633 559 2707 potentiae
578 2646 639 2686 erus
658 2625 835 2688 documentis
853 2628 930 2688 illam
949 2627 1071 2689 tuendae
1089 2621 1190 2764 poffilor
1204 2621 1316 2762 rbalibb:
1426 2703 1427 2706 Ἴ

183 2789 292 2850 Paulus
311 2785 401 2846 Rom.¹
417 2787 445 2862 9,
465 2789 522 2879 232
534 2783 590 2847 Dei
609 2786 772 2861 bonitatem,
791 2787 898 2868 gloriae
920 2788 1003 2848 titulo
1022 2783 1178 2868 speduliter
1192 2781 1316 2876 insignit.

184 2865 330 2964 Quamvis
351 2867 427 2961 enim
451 2865 570 2962 gloriam
594 2885 675 2926 suam
693 2875 814 2942 sumat,
838 2866 976 2928 mundum
995 2869 1161 2939 indicando,
1187 2867 1316 3000 ‘¹⁰¹³ss
1370 2932 1373 2939 Δ

184 2945 1256 3108 tebit-„ttttttltttotttttiltltlt‘latim
1272 3017 1314 3080 10-

184 3111 394 3186 conspectat,
417 3109 530 3164 tantum
553 3111 687 3186 coeperat
706 3103 787 3166 Deus
807 3107 945 3189 populum
965 3127 1049 3166 sunm
1068 3105 1201 3166 liberare:
1227 3104 1315 3160 resta·
1426 3139 1427 3161 r

184 3185 235 3246 bot
265 3187 340 3244 enim
371 3191 402 3245 ut
426 3183 586 3245 fruerentur
609 3191 685 3246 terra
705 3185 829 3248 Ganaan.
868 3186 968 3267 ltaque
992 3186 1046 3246 nisi
1070 3185 1145 3244 ultra
1170 3183 1316 3242 desertum

185 3265 328 3348 progressi
353 3269 462 3336 cuent,
486 3263 634 3324 obscurata
658 3265 947 3347 fnisset‘redemptio.
986 3264 1071 3328 Adde
1094 3261 1172 3346 qnod
1191 3280 1229 3320 ex
1248 3279 1315 3340 pro·

155 3413 159 3416 ·
182 3341 636 3486 restauraturus
654 3339 1316 3487 litttlbtttlttttttttttt

95 3518 99 3534 ¹
184 3501 275 3583 Quod
293 3505 379 3564 etiam
397 3444 687 3584 clariusgncrbprimitur
706 3447 831 3566 recusando
850 3448 995 3582 membro,
1014 3504 1064 3565 ubi
1083 3524 1141 3564 non
1161 3485 1248 3562 modo
1262 3483 1314 3558 ¹ae-

183 3585 237 3646 tati
259 3603 330 3645 suae
354 3584 427 3644 bene
451 3590 597 3664 precatur,
621 3582 671 3643 sed
695 3593 881 3668 gesserottoot
903 3604 978 3666 quae
1001 3582 1130 3646 nondum
1153 3587 1219 3642 nata
1238 3585 1313 3640 erat:
1353 3637 1355 3642 .

184 3665 254 3746 quia
276 3664 342 3724 talis
364 3665 450 3724 etiam
476 3669 537 3723 erat
561 3663 653 3724 forma
675 3663 810 3740 foederis,
840 3663 912 3726 Gen.
933 3667 981 3740 17,
1000 3665 1030 3730 7.
1068 3661 1127 3725 Ero
1145 3661 1227 3722 Dens
1245 3666 1316 3720 tuus
1394 3693 1395 3703 κ

183 3751 219 3820 et
233 3745 348 3804 seminis
366 3744 417 3803 toi.
443 3739 586 3816 Ceterum,
604 3743 662 3805 boc
680 3743 812 3826 exemplo
831 3759 990 3820 monemur,
1008 3746 1040 3806 in
1058 3742 1190 3826 precibus
1209 3739 1315 3814 nostris

186 3823 346 3884 babendum
368 3842 431 3884 esso
453 3823 627 3904 posteritatis
652 3843 763 3886 curam:
789 3826 953 3907 praesertim
977 3826 1046 3906 quia
1069 3823 1151 3886 nobis
1174 3819 1314 3902 promissa

184 3911 228 3963 est
257 3899 401 3964 Ecclesiae
428 3903 603 3983 perpetuitas
632 3924 725 3984 usqne
753 3905 791 3966 ad
819 3905 906 3966 linem
930 3905 1044 3982 mundi,
1073 3903 1156 3966 sicuti
1177 3900 1314 3997 proximo

183 3981 300 4044 Psalmo
324 3983 462 4057 vidimus,
485 3983 515 4042 in
539 3981 670 4044 omnibns
695 3985 769 4044 votis
788 3985 890 4066 qrnbm
910 3985 1140 4046 commendamus
1159 3999 1221 4044 erus
1239 3977 1314 4038 sclu-

183 4071 254 4139 tem,
272 4061 422 4144 complecti
440 4068 570 4143 posteros
588 4070 702 4122 nostros
720 4065 806 4124 ctiam
825 4066 876 4146 qui
894 4065 1022 4126 nondum
1041 4067 1101 4126 nati
1114 4071 1189 4138 sunt,
1208 4077 1314 4120 conve-

183 4145 236 4204 nit.
275 4141 440 4204 Notandum
463 4147 609 4222 praeterea
627 4149 671 4202 est
689 4145 803 4206 boore
820 4154 849 4206 et
862 4147 1075 4228 putretudine
1093 4162 1212 4218 nomen,
1237 4139 1314 4203 unde

183 4222 342 4301 colligimus
371 4240 461 4302 qnam
486 4215 712 4302 incomparabilis
736 4225 773 4283 sit
797 4243 865 4305 erga
888 4245 941 4287 nos
964 4225 1023 4286 Dei
1044 4245 1134 4286 amor.
1172 4221 1315 4302 Quamvis

181 4305 259 4362 enim
278 4301 336 4362 snio
355 4300 437 4362 donis
455 4320 509 4360 nos
529 4319 642 4376 ornans,
660 4301 732 4362 nibil
749 4303 802 4364 sibi
820 4301 959 4386 acqbirat:
978 4305 1131 4368 liberaliter
1144 4313 1239 4368 tamen
1260 4326 1315 4368 uo·

182 4381 292 4444 omum
315 4381 426 4462 agendo
445 4380 592 4464 splendere
611 4382 687 4460 vult,
710 4389 740 4447 et
758 4383 891 4448 decomm
909 4405 994 4450 suum
1012 4385 1107 4469 palam
1125 4385 1232 4450 facem:
1254 4388 1316 4450 atsi
1426 4449 1427 4458 ,
