2874 4888
177 327 232 381 148
541 305 544 315 ’
605 319 890 364 columnus

263 441 295 512 9.
318 440 401 526 Quia
423 450 461 508 tu
482 437 600 508 lelsovu
621 439 777 531 protectio
798 415 888 524 idea,
915 435 1088 505 Enoelsum
1110 433 1247 528 posuisti
1271 459 1318 504 re

176 549 298 642 logium
324 557 425 613 tuum.
472 537 524 612 10.
547 543 622 612 Non
650 556 794 614 oc'currel
819 545 875 612 tibi
903 543 1038 626 malum,
1071 553 1105 610 et
1132 542 1223 633 plaga
1249 565 1320 608 nou

176 651 441 744 appropinquabit
469 650 670 719 tabernaculo
698 662 771 718 tuo:
816 653 869 719 11.
890 648 971 734 Quia
995 647 1123 739 Angelis
1145 651 1211 714 suis
1232 671 1320 714 man·

178 761 265 826 davit
291 757 331 826 dc
352 767 401 841 tc,
426 765 464 822 ul
490 756 670 824 custodiant
696 766 728 824 te
756 755 962 824 inmunibus
984 755 1043 822 viis¹
1065 754 1138 822 tuis.
1179 753 1237 820 ll.
1259 753 1320 820 Su-

179 889 238 976 per
259 883 374 932 munus
396 861 567 953 postulunt
589 871 630 946 tc,
651 883 693 928 uc
716 861 857 932 offendas
879 859 1077 952 adlopidem
1090 859 1320 951 pedaminum.

258 1080 288 1141 9.
310 1083 390 1152 Quia
409 1084 443 1138 tu
462 1079 581 1138 Ieloon.
608 1075 716 1138 lllultus
735 1077 828 1138 ostiu
847 1075 1070 1138 commendanda
1090 1073 1147 1136 Dei
1165 1073 1320 1155 providen-

178 1159 235 1220 tias
260 1159 328 1236 quiu
354 1158 466 1216 nonnisi
491 1157 567 1217 lcnlc
586 1164 617 1216 ct
635 1159 733 1216 multis
753 1159 875 1216 stimulis
895 1159 1036 1217 excitatur
1055 1155 1205 1216 hominum
1225 1155 1322 1234 segui-

179 1229 247 1308 lies,
273 1243 306 1295 ut
325 1236 429 1298 relictis
449 1237 548 1296 mundi
568 1237 683 1296 l'ultmis
704 1237 807 1316 quibus
827 1243 894 1296 suut
913 1237 1002 1310 alfini,
1022 1243 1099 1296 recto
1120 1255 1151 1296 sc
1171 1236 1200 1314 iu
1221 1233 1321 1294 Deum

180 1315 337 1376 consecant.
381 1315 473 1374 Sicuti
503 1322 600 1375 aulem
630 1317 660 1375 iu
684 1315 741 1374 hoc
765 1315 881 1375 Psalmo
907 1316 1026 1376 subinde
1051 1317 1143 1374 variat
1167 1333 1319 1395 personas:

180 1397 220 1454 itu
244 1398 275 1452 iu
300 1395 365 1454 hoc
381 1415 465 1454 versu
485 1395 578 1476 primo
598 1394 694 1454 Deum
719 1397 890 1474 compellat:
914 1396 1013 1456 deiude
1032 1397 1137 1454 iturum
1157 1413 1321 1454 sermonem

181 1475 218 1536 ad
243 1475 368 1554 seipsum
393 1475 542 1568 copvcolit.
582 1475 627 1534 Ac
647 1473 742 1533 Deum
767 1477 881 1555 quidem
898 1482 1108 1568 protectionem
1127 1493 1208 1534 suam
1227 1473 1320 1534 nomi·

180 1552 851 1713 tiltlozltttfflnlffltlll,‘tt
870 1552 1320 1716 {llltltllllllttdt

182 1733 236 1774 suo
255 1712 367 1770 affectu.
389 1711 462 1770 Nom
483 1713 553 1772 hacc
573 1733 640 1772 vers
660 1715 774 1772 domum
795 1715 860 1772 lidei
881 1714 1010 1793 probatio
1030 1721 1084 1786 esl,
1103 1713 1170 1772 dum
1191 1731 1224 1772 sc
1243 1713 1320 1790 quis·

182 1810 240 1871 que
259 1791 407 1870 colligens,
426 1791 533 1870 absque
552 1791 671 1851 leslibus
691 1795 818 1852 animum
838 1813 921 1852 suum
942 1795 1098 1854 examinat:
1119 1791 1244 1872 quiuubi
1256 1791 1320 1850 Deo

188 1871 274 1930 unico
299 1889 359 1929 nou
383 1872 526 1945 conteuti,
548 1871 584 1931 ad
604 1871 733 1931 homines
753 1873 923 1932 reflectimus
943 1873 1055 1947 oculos,
1076 1873 1126 1932 vix
1144 1872 1206 1932 ficri
1226 1877 1322 1952 potest

185 1951 255 2030 quin
280 1968 312 2009 sc
337 1949 455 2009 ambitio
480 1951 510 2009 iu
534 1949 602 2008 fidei
621 1952 717 2036 locun)
736 1953 868 2012 insinuet„
908 1951 1021 2012 Dicitur
1040 1951 1235 2012 nutemllcus
1255 1970 1320 2010 ocn-

185 2030 242 2088 seri
272 2047 323 2108 pro
348 2027 507 2089 domicilio:
533 2031 600 2108 quia
624 2049 737 2088 sursum
761 2039 792 2090 et
815 2033 949 2091 deorsum
967 2032 1051 2092 nobis
1071 2031 1202 2091 defensos·
1220 2037 1265 2090 cst
1284 2029 1320 2089 sb

186 2107 318 2167 omuibus
339 2109 436 2178 noxis,
456 2107 530 2166 sicut
548 2115 580 2166 ct
598 2106 715 2166 Psalmo
727 2111 776 2182 90,
797 2113 824 2170 1.
845 2107 945 2170 Potest
964 2120 1059 2171 aulem
1080 2111 1253 2170 coniunctim
1274 2109 1323 2168 hic

184 2205 284 2246 versus
304 2185 359 2263 legi
380 2205 445 2244 cum
466 2187 610 2266 proximo,
630 2192 663 2244 ul
682 2205 784 2246 causac
803 2189 924 2249 redditio
944 2191 1129 2268 siccoquilur
1142 2191 1227 2262 casim,
1248 2191 1324 2248 Non

184 2272 318 2324 occurret
337 2265 390 2325 uls
408 2267 528 2341 molum.
570 2263 651 2326 Unda
670 2273 766 2326 sutem
787 2276 920 2327 arcentur
939 2267 1081 2328 mulorum
1100 2287 1246 2340 occursus,
1266 2269 1323 2326 nisi

185 2343 252 2420 quia
276 2338 330 2399 sub
350 2338 407 2400 Dei
430 2342 520 2401 tulela
544 2345 633 2422 quieti
659 2345 800 2406 latemus?
840 2347 948 2406 Verum
973 2348 1165 2422 quidemst,
1189 2345 1322 2406 fidelibus

186 2437 303 2499 quoquo
333 2420 461 2500 accidere
488 2423 579 2482 multa
601 2425 797 2484 incommoda:
828 2426 877 2484 sed
902 2427 1032 2506 intelligit
1055 2425 1200 2507 Propheta
1225 2425 1321 2484 Duum

184 2517 242 2636 lli
245 2505 852 2644 11111“1“.11.“”1..“.““ὲ;ἓ.111“21
863 2505 1322 2646 llll“luitnotus

187 2655 243 2714 dil:
268 2657 335 2736 quia
360 2659 465 2716 scimus
485 2657 580 2720 Βοιιιιι
605 2663 701 2740 ipsum
725 2671 845 2742 paterno
868 2606 1050 2744 lavorcpqoo
1070 2666 1202 2744 dignatur
1221 2683 1322 2724 servos

184 2753 263 2812 suos,
281 2755 382 2794 eorum
399 2739 486 2797 ctiam
506 2737 580 2798 lilios
600 2742 761 2820 complecti.
792 2741 854 2802 Nisi
873 2743 946 2804 lorls
966 2745 1120 2824 simplicius
1140 2747 1269 2824 uccipcrc
1288 2745 1320 2803 li·

184 2813 264 2952 lpppt‚
288 2815 342 2892 qui
358 2811 455 2876 Duum
480 2816 589 2898 eligunt
611 2819 747 2880 domicilii
770 2825 852 2899 loco',
875 2824 917 2904 iu,
931 2827 990 2884 suis
1014 2824 1129 2885 aedibus
1154 2831 1218 2886 tuto
1242 2823 1321 2884 hubi·

229 2912 304 2952 uros.
1017 2941 1021 2948 .

263 2975 311 3033 11.
338 2967 419 3046 dosa
443 2978 571 3058 Angelis
593 2986 666 3040 sols.
711 2979 776 3041 Iloc
805 2983 892 3046 oliam
916 2984 1048 3045 consulto
1073 2985 1201 3046 additum
1225 2983 1322 3044 inita

185 3047 340 3130 Propheta,
360 3057 392 3111 ul
411 3054 525 3114 obvium
543 3059 600 3116 iret
618 3066 733 3120 nostrae
751 3061 918 3137 infirmitati,
938 3064 1013 3124 undo
1052 3068 1217 3146 ompicimus
1233 3083 1322 3144 quum

183 3129 305 3226 pppiguc
323 3131 406 3192 nobis
425 3134 584 3214 indulgeat,
609 3141 659 3217 qui
679 3161 736 3200 non
757 3149 868 3203 tantum
887 3145 1008 3224 ignoscit
1027 3085 1323 3205 diffidentisouostras

184 3215 271 3283 vitio,
295 3211 344 3272 sod
369 3215 525 3274 remedium
549 3215 677 3278 adhibet:
703 3221 772 3280 dum
798 3241 829 3281 se
848 3226 1014 3303 pronuntiat
1033 3225 1094 3284 fors
1113 3227 1179 3286 loco
1199 3225 1272 3284 arcis
1292 3230 1323 3283 et

183 3289 289 3369 clypei,
309 3291 439 3352 umbram
455 3312 556 3354 nonnus
573 3316 644 3356 susc
664 3301 756 3373 ollem,
776 3309 861 3361 vocat
880 3321 911 3362 sc
926 3302 1109 3378 domicilium,
1129 3304 1324 3382 ulusdeniquc

183 3369 219 3427 ad
239 3388 292 3428 uos
311 3369 450 3432 lovsudos
469 3375 605 3450 ostendit,
625 3379 678 3437 nisi
698 3385 789 3439 tolet
809 3381 1037 3442 lamluculcutae
1054 3387 1254 3464 promissiones
1270 3401 1322 3442 no·

183 3446 227 3506 bis
253 3449 412 3524 sufficiant,
437 3471 533 3514 aunon
558 3456 711 3536 plusquam
734 3461 835 3539 ingrati
861 3460 979 3521 sumus?
1018 3461 1050 3522 Si
1076 3483 1129 3524 nos
1153 3470 1240 3526 tcmcl
1259 3465 1322 3522 cius

184 3529 325 3602 maiestas,
345 3531 465 3610 gallinae
484 3552 515 3593 sc
530 3544 694 3615 comparat:
714 3539 738 3596 si
758 3540 931 3619 trepidamus
952 3541 989 3600 ob
1011 3541 1135 3604 llostiom
1155 3545 1322 3626 potentiam,

184 3607 231 3668 vel
256 3629 310 3668 uos
339 3613 484 3672 exanimat
507 3611 699 3678 discriminum
723 3619 892 3693 multitudo,
915 3623 1052 3680 invictum
1077 3643 1159 3683 sumn
1185 3626 1322 3684 virtulem
1351 3631 1354 3634 ’

184 3690 335 3827 stills
355 3691 596 3832 stillis
612 3698 1324 3857 fslltltllttttll'nditttlltll

177 3817 180 3824 ¹
733 3817 742 3850 9

186 3853 230 3906 lor
250 3849 394 3923 accedere,
415 3852 474 3908 acsi
494 3871 550 3912 non
571 3871 696 3914 ememus
718 3875 776 3916 uuo
796 3875 832 3916 so
851 3861 991 3920 contenti:
1012 3861 1139 3942 sdiuugit
1158 3865 1242 3922 ctiam
1263 3863 1324 3922 llu-

183 3925 321 4022 pelosum
340 3928 493 4022 oosollert
514 3933 611 3990 salutis
632 3935 774 3998 custodes.
806 3935 870 3996 Hoc
889 3945 966 3998 certe
985 3947 1029 3999 est
1048 3943 1157 4022 insigne
1176 3941 1324 4022 indulgeu-

176 4014 241 4066 -tias
261 4025 322 4066 clus
342 4009 551 4084 testimonium,
575 4011 653 4088 quod
673 4032 705 4072 se
724 4015 826 4074 validis
845 4019 935 4096 copiis
954 4025 1096 4080 armatum
1115 4039 1178 4082 csse
1198 4041 1326 4101 pronun·

148 4099 151 4116 ·
185 4083 258 4178 tiam
278 4085 314 4146 ad
335 4105 388 4146 nos
407 4088 543 4161 tuendos,
567 4090 752 4152 dillldeuliam
772 4101 900 4158 nostram
919 4097 1063 4174 sublevat,
1088 4119 1142 4160 uec
1161 4099 1248 4160 modo
1267 4102 1326 4160 siu-

185 4163 259 4256 gulis
279 4168 403 4246 assignat
422 4185 512 4226 uuum
531 4167 683 4248 Angelum,
703 4173 752 4232 sed
772 4176 909 4236 coelestus
929 4195 997 4238 suos
1017 4181 1157 4240 exercitus
1177 4180 1213 4238 de
1232 4181 1326 4240 saluts

183 4261 325 4322 cuiusque
344 4245 473 4306 lideliuns
493 4248 570 4310 iubet
589 4268 652 4308 csse
671 4253 818 4313 sollicitos.
849 4254 923 4316 Nom
942 4275 1177 4338 unumquemque
1196 4258 1325 4320 lidslium

185 4319 343 4400 slloquilm·
369 4323 527 4406 Propheta,
556 4331 630 4391 sicut
658 4333 744 4392 ctiam
770 4333 886 4396 Psalmo
911 4338 966 4408 34,
991 4339 1019 4400 8.
1049 4339 1172 4399 vidimus
1196 4339 1326 4418 Angelos

188 4406 381 4488 costrampturi
405 4406 434 4464 iu
459 4407 579 4471 circuitu
602 4410 763 4474 timentium
783 4411 887 4477 Deum.
928 4413 1011 4476 Uuds
1030 4423 1148 4499 sppmut
1168 4415 1273 4480 lslsum
1293 4417 1326 4480 il-
