2874 4888
183 287 237 348 142
492 297 537 340 ·,
600 289 891 332 ,ιοιινιινυι
950 293 958 312 s

63 409 66 416 ’
95 387 97 396 ⁴
185 433 261 497 gese.
300 361 596 495 Superbtmiarcipit
614 367 669 495 prb
688 384 796 474 virtute
815 413 863 474 r'el
882 415 1065 494 praestantia,
1086 433 1143 496 qus
1158 433 1194 476 se
1213 417 1325 500 niagni.

89 564 92 574 ¹
183 497 241 556 lice
263 494 370 554 iactant
394 494 531 554 homiues.
571 493 680 554 Semne
704 501 800 553 autem
819 500 873 567 est,
892 494 1047 576 antequam
1067 488 1324 558 declinent'homi·

183 595 237 638 nu
255 575 293 635 od
317 577 442 649 senium,
465 575 496 633 in
518 575 615 634 medic
638 582 734 634 tsmcn
759 576 951 634 aetatiallorc
975 575 1032 636 iem
1059 576 1197 656 implicari
1223 578 1325 637 multis

185 655 338 728 molestiis,
359 673 414 713 uec
432 672 632 735 persecurus,
651 653 759 728 taedia,
779 653 907 728 dolores,
925 661 1035 730 metus,
1055 657 1257 737 aegritudines,
1277 659 1325 720 iu·

182 735 353 812 rennues,
377 741 407 794 et
429 735 586 794 anxietates
609 734 748 815 effugere,
767 733 871 814 quibus
891 733 1016 794 obnoxia
1040 743 1084 794 cst
1103 731 1161 794 rita
1180 732 1323 798 mortalit.

184 817 323 877 (letemus
342 815 401 874 boc
418 814 454 874 ad
473 820 566 872 totum
586 815 662 872 vilse
681 815 853 889 curriculum
879 815 1012 896 refertur,
1053 813 1194 876 biterris
1213 818 1238 876 si
1257 819 1325 896 quis

183 901 303 976 reputet
320 895 412 977 qualis
431 895 469 952 sit
487 896 562 951 vitae
582 901 696 953 nostrae
716 893 841 954 conditio
861 893 896 953 ub
922 893 1040 955 inlautia
1060 913 1152 975 usque
1171 897 1208 954 ad
1228 895 1324 975 sepul-

184 993 281 1046 erum,
296 975 419 1056 reperiet
436 976 467 1032 iu
486 971 749 1054 singulispartibus
768 973 913 1034 molestias
931 981 962 1034 et
981 973 1102 1035 iuberes.
1143 973 1217 1036 Nam
1239 967 1326 1045 &ml

183 1063 217 1118 et
235 1059 293 1150 litt
313 1056 382 1114 dum
406 1053 492 1112 simul
515 1041 697 1132 iunguntur,
709 1055 819 1132 pascite
838 1060 991 1113 sumuntur
1009 1074 1063 1135 pro
1083 1051 1273 1116 incommodis
1293 1063 1327 1115 et

144 1163 150 1176 =
184 1135 398 1196 afflictionibus:
418 1136 476 1192 scsi
496 1133 612 1192 dixisset
622 1129 725 1206 ltloses,
744 1131 916 1192 laboriosam
926 1151 988 1194 esee
998 1132 1120 1194 hominis
1132 1137 1228 1209 ritem,
1248 1135 1325 1196 mul-

183 1215 281 1296 tisque
304 1215 454 1274 tormentis
478 1214 625 1288 relectam,
645 1209 741 1292 'idque
770 1213 840 1272 dum
869 1216 994 1272 menime
1018 1214 1196 1295 superbiunt.
1235 1213 1326 1276 Ratio
1361 1281 1365 1294 Ι

132 1347 135 1358 .
183 1314 274 1376 quens
293 1295 404 1354 subiicit
423 1293 535 1352 videtur
553 1295 699 1373 pon¹sstis
719 1288 867 1372 quarbaro,
892 1303 952 1354 cllo
972 1303 1117 1374 praeivit
1136 1303 1164 1354 et
1182 1317 1239 1356 uos
1256 1318 1325 1356 evo·

187 1377 292 1450 lomus,
312 1375 373 1434 lieri
393 1374 469 1434 enim
489 1379 585 1453 potest
604 1379 636 1431 ut
655 1373 784 1444 felicitas,
804 1391 878 1453 quae
888 1369 981 1434 breite
991 1380 1043 1445 est,
1062 1395 1121 1434 uon
1141 1381 1236 1434 lemen
1255 1376 1325 1434 ideo

186 1457 266 1516 nulla
286 1457 330 1514 sit.
370 1452 429 1513 Sed
448 1453 579 1532 iutelligit
597 1451 691 1512 ltloses
716 1452 802 1513 stulte
821 1454 935 1592 ploriuri
956 1454 1086 1513 homines
1106 1455 1135 1513 in
1155 1473 1208 1514 sua
1227 1455 1326 1514 excel-

185 1536 287 1596 tentia:
307 1535 374 1614 quia
393 1532 483 1596 velint
501 1534 594 1592 nolint
613 1537 753 1614 eoguntur
771 1531 801 1591 in
835 1538 1083 1612 uturumtcmpus
1102 1535 1249 1614 respicere.
1269 1533 1326 1594 At-

186 1617 237 1695 qui
257 1615 375 1674 simulao
395 1614 494 1675 oculos
513 1608 653 1693 aperiunt,
675 1613 824 1693 praecipiti
844 1613 947 1673 volatu·
962 1632 999 1676 se*
1013 1613 1049 1671 ad
1064 1620 1185 1672 mortem
1206 1613 1272 1673 ferri
1293 1621 1326 1674 el

184 1696 250 1778 rapi
269 1694 379 1756 vident:
399 1711 480 1754 suam
498 1710 569 1753 vero
589 1694 792 1772 praestantiam
809 1693 928 1773 singulis
946 1695 1099 1753 momentis
1118 1711 1297 1754 craumers.

276 1860 328 1926 11.
352 1858 432 1944 Quis
454 1856 616 1950 cognoscit
636 1856 703 1923 vim
724 1859 787 1924 irae
808 1857 903 1925 tuae?
924 1866 957 1925 et
978 1857 1154 1926 ¹secundum
1175 1857 1326 1926 timorem

184 1977 279 2064 tuum
299 1964 344 2032 ira
366 1975 431 2032 tua.
465 1965 529 2051 ,12
552 1962 597 2030 Ut
618 1986 822 2052 numeremus
852 1963 918 2032 dies
945 1973 1073 2032 nostros
1096 1964 1141 2046 sic
1163 1963 1326 2046 sciretne,

124 2119 151 2136 ,.
186 2084 220 2142 et
240 2071 432 2140 adducemus
454 2093 511 2138 cor
524 2069 776 2160 ‘adsepiuntiam
804 2070 855 2138 13.
866 2070 1036 2141 &vedere
1057 2069 1184 2154 lehova,
1205 2091 1327 2162 quoue

186 2179 271 2274 que?
291 2178 413 2272 placare
435 2199 532 2270 super
551 2198 661 2244 servos
682 2187 766 2244 tuos.
885 2179 895 2192 ‘

166 2337 181 2378 ,’
206 2345 220 2357 ··
244 2327 315 2386 ·1lr
338 2329 465 2397 Quisco
528 2330 592 2382 seu.
624 2318 730 2382 lterum
750 2321 786 2380 sd
806 2310 1115 2402 privatssalliictioues
1134 2319 1323 2401 pepulisse

182 2419 303 2466 mouens
320 2403 417 2464 refert.
480 2421 526 2462 am
545 2401 601 2460 bac
620 2401 705 2462 etiam
726 2403 874 2462 orssasioue
893 2402 971 2483 prius
992 2403 1028 2461 de
1047 2403 1192 2461 communi
1212 2401 1324 2481 generis

186 2482 475 2562 buusauiiragilitale
493 2489 523 2542 et
541 2483 683 2540 aerumnis
704 2489 877 2562 conquestus
896 2489 948 2541 est.
987 2479 1090 2555 lilerito
1110 2488 1206 2540 autem
1225 2479 1324 2540 exclu-

186 2571 248 2626 sust
263 2561 470 2623 inaestimabile
488 2577 553 2622 esse¹
569 2563 629 2620 irae
646 2559 703 2620 Dei
723 2560 824 2620 robur:
849 2563 916 2642 quia
941 2563 1106 2641 quantisper
1123 2563 1185 2640 ipss
1204 2579 1323 2620 usaunm

185 2662 270 2709 snam
293 2643 438 2716 subducit,
467 2641 596 2701 homines
621 2660 680 2700 nou
703 2659 789 2700 secus
805 2660 839 2700 ac
857 2642 936 2702 servi
955 2643 1080 2722 fugitivi,
1110 2657 1185 2720 qnos
1204 2637 1323 2699 Domini

152 2777 155 2785 .
184 2731 358 2804 conspectus
381 2722 503 2800 ssnplins
527 2741 587 2780 non
610 2727 710 2794 terret,
736 2720 896 2800 petulanter
912 2723 1070 2794 exsultent:
1095 2739 1149 2782 uec
1166 2719 1248 2780 aliter
1267 2717 1322 2778 sub

187 2803 357 2883 obsequium
385 2803 500 2880 cogitur
522 2799 680 2880 praefracta
704 2819 803 2862 eorum
828 2807 943 2873 natura,
972 2821 1060 2882 quam
1083 2801 1134 2860 ubi
1156 2799 1252 2858 iudicii
1275 2799 1321 2858 sui

185 2889 297 2944 terrore
320 2895 370 2940 ens
394 2879 475 2940 Deus
500 2879 636 2960 percellit.
676 2879 784 2940 Sensus
808 2898 878 2960 ergo
902 2888 959 2954 est,
980 2881 1117 2960 quamdiu
1141 2897 1172 2938 se
1195 2879 1322 2938 occultrt

186 2961 279 3035 Deus,
298 2962 426 3040 iramque
445 2979 527 3019 susm
541 2960 712 3031 dissimulet,
731 2959 908 3020 contumacis
922 2969 1035 3044 turgere
1054 2959 1193 3034 homiues,
1212 2967 1242 3020 et
1260 2960 1321 3018 vio·

117 3089 128 3100 .
184 3041 394 3121 lento-impetu
413 3057 510 3100 ruere:
531 3041 580 3099 sed
600 3038 654 3100 ubi
668 3041 772 3100 sentire
791 3047 932 3120 coguntur
955 3059 1043 3121 quern
1066 3043 1104 3106 sit
1122 3042 1164 3099 ira
1182 3041 1244 3100 eius
1263 3037 1322 3098 lor·

186 3119 342 3196 midebilia,
365 3120 486 3180 ferociae
510 3138 578 3180 suae
603 3119 706 3178 oblitos
730 3120 854 3180 recidere
872 3121 902 3178 iu
926 3122 1056 3182 nibilum.
1082 3115 1171 3197 'Quod
1190 3122 1323 3201 proxime

189 3203 330 3282 sequitur,
355 3201 514 3267 secundum
534 3208 672 3260 timorem
694 3209 778 3262 tuum
801 3207 851 3260 ἱνα
874 3205 937 3275 trio,
962 3201 1035 3260 sciet
1057 3201 1097 3260 itu
1115 3196 1231 3280 exponi,
1252 3201 1322 3281 Quo

185 3285 313 3362 quisque
332 3282 422 3360 magis
432 3279 526 3339 Deum
537 3287 695 3351 reveretur,
711 3299 746 3339 eo
763 3279 854 3340 solere
874 3281 972 3340 durius
991 3281 1115 3356 ususn,
1135 3287 1165 3341 et
1184 3285 1321 3342 severius.

1 3367 2 3406 i
85 3414 87 3430 ,
185 3359 326 3422 ludieinns
345 3361 422 3420 enim
447 3360 569 3419 adomo
590 3357 645 3418 Dei
664 3359 777 3440 incipit,
803 3364 832 3421 1.
851 3359 933 3420 Petri
949 3361 978 3435 4,
998 3364 1047 3423 17.
1066 3367 1097 3421 et
1116 3379 1204 3440 quum
1223 3381 1321 3442 repro-

185 3441 240 3502 bos
260 3442 289 3500 in
307 3456 362 3500 sua
401 3439 550 3520 iuguedine
571 3441 682 3514 foveat,
705 3442 812 3500 eleetos
837 3459 904 3500 suos
930 3448 1053 3501 macerat
1073 3443 1213 3501 continuis
1231 3441 1323 3502 tribu-

99 3514 103 3526 *
188 3519 350 3594 lotionibus,
390 3523 494 3600 eoique
512 3521 631 3600 castigat
649 3539 724 3599 quos
744 3521 842 3601 drliglt,
862 3519 1017 3586 Hebraeos.
1036 3539 1097 3602 cap.
1119 3525 1167 3592 12,
1187 3524 1215 3584 6.
1246 3517 1322 3582 Vera
1381 3574 1384 3582 .

1 3587 2 3604 ³
63 3613 65 3618 ’
185 3601 276 3680 igitur
299 3607 330 3659 et
352 3599 430 3658 utilis
455 3598 582 3658 doctrina
603 3605 657 3672 est,
682 3599 777 3660 Deum
804 3618 871 3662 snos
895 3602 1019 3662 cultores
1043 3603 1171 3682 asperius
1190 3607 1322 3676 uastare,
1356 3627 1358 3632 ·

185 3673 1051 3821 tttnlttttnltlttdtliutilia
1064 3680 1322 3822 {littt‘fflt

113 3887 116 3900 .
188 3840 384 3899 demus··cnim
403 3837 549 3918 reprobos,
569 3841 678 3899 etiamsi
702 3839 811 3916 duriter
834 3841 1016 3917 castigentur,
1042 3842 1090 3902 vel
1112 3843 1225 3902 frenum
1244 3859 1322 3901 smo-

188 3919 266 3994 dere,
291 3919 338 3978 vel
358 3918 504 3979 calcitrare
513 3918 649 3978 adversus
658 3919 764 3994 Deum,
785 3919 926 4000 pleneque
945 3919 1049 3995 furere,
1062 3923 1323 3982 oelstureattoni·

186 4007 244 4073 tos,
264 3999 346 4079 'quand
365 3997 548 4058 ocrslluesiut
570 4000 607 4057 sd
627 4001 702 4058 mala
727 4002 836 4060 omniur
856 4008 969 4060 tentum
993 4001 1074 4065 abest
1092 4009 1126 4062 ut
1145 4001 1321 4082 subiguntur.

187 4079 331 4156 Quamvis
355 4080 440 4138 etism
464 4078 674 4139 tumultuentur
697 4097 732 4138 ac
755 4079 907 4153 clamitent,
932 4099 992 4140 ncu
1015 4087 1145 4161 peuctrat
1163 4083 1323 4142 tamen-ira

186 4158 294 4220 licitu
312 4175 414 4218 eorum
432 4158 543 4216 anirnos
563 4164 595 4217 ut
613 4161 742 4219 mitescat
760 4171 861 4219 eorum
879 4160 1004 4237 ferocia„
1025 4160 1091 4220 Piae
1111 4165 1222 4221 tentum
1240 4181 1322 4221 meu·

186 4246 232 4300 tes
251 4240 294 4298 ira
313 4237 369 4297 Dei
385 4237 584 4310 *vulnersolun
608 4257 662 4299 nec
687 4237 806 4298 fulmina
830 4257 881 4298 exe
947 4247 998 4301 aut
1016 4241 1119 4320 quibus
1137 4241 1254 4322 reprobi
1271 4261 1322 4322 op-

186 4325 300 4398 ponunt
318 4319 420 4378 durum
439 4325 468 4380 et
487 4319 606 4378 terream
628 4320 782 4380 cervicosus
808 4320 858 4380 sed
908 4339 942 4380 eo
967 4319 1014 4380 vel
1034 4323 1182 4382 minimum
1202 4321 1322 4403 digibrm

187 4405 331 4473 moveate,
350 4401 445 4460 stetim
463 4401 694 4462 contremiscunt.
733 4397 816 4461 liano
832 4400 971 4462 existimo
996 4403 1147 4484 genuinam
1170 4419 1233 4464 esse
1252 4400 1322 4461 Pro·
