2862 4888
182 275 218 332 42
609 248 899 311 nnsunaus
971 215 979 252 ι

180 397 284 459 denote
304 399 433 456 tentatur.¹
457 389 593 454 Celerum
613 393 741 474 quisquis
761 391 976 468 instituuntur,
997 409 1054 456 non
1073 383 1184 458 indnoit
1202 397 1324 478 loqueu-

182 486 241 539 tem
261 475 367 548 Deum,
386 479 421 554 ut
440 471 556 554 quidam
576 477 689 552 putant,
707 472 757 533 aed
776 473 806 534 in
827 472 953 533 doctoris
993 475 1223 536 erennslndaeoa
1243 497 1323 540 nom·

180 559 277 640 pellat.
318 553 379 616 Nee
402 552 499 614 obstet
522 552 601 632 quod
625 569 709 613 snum
734 553 863 613 nominat
888 494 1043 634 pnpuibm,
1068 556 1143 617 sieut
1166 563 1197 616 et
1215 555 1324 642 Legem

180 650 276 698 susm:
295 637 364 716 quio
382 651 491 694 novum
510 637 634 692 nonest
649 629 810 713 Prophetis,
829 651 934 692 nomen
953 634 1016 694 eins
1034 653 1125 714 aquo
1144 638 1222 697 missi
1241 646 1325 712 aunt,

179 717 319 788 mutuari,
344 733 406 794 qun
429 713 520 774 maior
544 719 656 772 constet
679 711 823 772 doetrinae
847 715 1010 774 auotoritas.
1050 713 1134 792 Quae
1153 735 1224 785 vern
1242 717 1323 798 apud

56 841 59 856 .
179 799 258 878 ipsos
279 795 407 874 deposito
427 798 472 854 est
491 793 605 860 veritas,
625 792 692 871 ipsis
704 811 763 852 uon
775 790 867 852 abere
886 791 1028 866 tribuitur,
1047 793 1214 870 siePanlas‚
1233 795 1322 858 Rom.

180 883 210 951 2,
230 879 278 938 16.
304 875 453 955 gloriatur·
465 871 501 931 de
521 891 576 932 ano
595 869 761 950 Evangelio,
785 891 844 932 uon
869 873 947 952 qnnd
972 873 1033 954 ipse
1053 873 1249 950 fabricaverat,
1268 877 1322 936 aed

180 959 262 1018 euius
281 971 385 1035 praeeo
404 957 467 1012 erat
486 969 521 1012 ae
539 953 629 1012 testis.
659 943 764 1012 Neioin
782 955 927 1012 tamenne
944 971 1050 1013 nomen
1070 957 1170 1025 min
1190 961 1257 1036 apte
1276 958 1321 1016 in·

177 1042 317 1118 terpretes
338 1033 475 1092 emerint
493 1029 612 1110 Legem:
639 1034 708 1111 quia
727 1031 842 1092 videtur
859 1031 1017 1112 generulins
1036 1051 1108 1110 ease,
1127 1035 1212 1094 aienti
1228 1037 1258 1096 iu
1277 1037 1320 1096 al·

179 1124 242 1178 tero
261 1112 393 1174 membro
413 1117 502 1194 petat,
520 1111 570 1171 nbi
589 1113 676 1172 verba
695 1120 758 1172 oss's
776 1113 877 1171 endem
892 1131 978 1174 seusu
998 1113 1088 1194 pouit.
1117 1112 1210 1174 Porro
1230 1116 1255 1174 ai
1274 1135 1322 1176 re·

177 1203 313 1278 putamus
334 1211 421 1272 qnam
440 1192 564 1271 seguiter
583 1189 677 1263 mum
698 1191 814 1252 audiant
832 1193 883 1272 qni
898 1193 983 1252 etiam
1004 1195 1129 1252 maxime
1146 1193 1323 1274 profitentur

177 1296 210 1337 ae
233 1275 295 1336 eius
320 1291 382 1332 esse
407 1271 575 1353 discipulos,
599 1269 751 1332 latebimur
775 1291 833 1332 nnn
859 1268 963 1332 trostia
988 1271 1045 1332 boo
1063 1275 1212 1354 prooemio
1232 1293 1321 1334 usum

176 1356 265 1418 inisse
285 1351 468 1432 Prophetom.
508 1349 581 1411 Nam
606 1352 762 1432 alloquitur
784 1351 901 1431 quidem
925 1352 1062 1420 indociles
1081 1371 1115 1412 ne
1134 1353 1321 1434 praebentes,

177 1439 227 1518 qni
248 1432 305 1493 Dei
323 1431 413 1492 verbo
434 1451 465 1491 ae
484 1429 766 1512 subiloereprnterre
786 1437 930 1491 recusant:
952 1432 1001 1492 aed
1022 1434 1088 1512 quia
1108 1435 1138 1493 iu
1156 1433 1225 1512 ipris
1245 1453 1320 1514 qun·

177 1533 235 1598 qne
259 1511 390 1574 lidelibne
413 1511 620 1592 utplurimum
644 1511 733 1572 nimia
756 1517 801 1572 est
819 1511 947 1583 tarditas,
966 1531 1024 1572 nnn
1045 1529 1255 1592 supervannaa
1298 1513 1319 1573 d

176 1599 275 1678 pigros
293 1592 348 1652 init
367 1591 438 1652 baec
457 1590 627 1651 exhortatio.
668 1589 729 1650 lam
754 1609 813 1672 qno
833 1589 886 1651 sibi
907 1592 970 1672 plus
990 1595 1153 1653 attentionis
1167 1611 1228 1664 seon
1246 1594 1319 1668 ''at,

196 1673 279 1735 suerit
298 1669 408 1750 magnis
432 1677 462 1731 et
482 1671 578 1731 arduis
599 1670 635 1730 de
654 1670 740 1730 rebus
759 1670 846 1731 verba
866 1671 1067 1731 selectorum.
1107 1670 1219 1732 Nomen
1238 1675 1318 1733 enirn

176 1697 270 1825 blm
291 1771 396 1832 ,graves
421 1755 451 1811 et
475 1751 597 1830 insignes
621 1749 775 1810 sententies
799 1749 935 1811 Hebraeis
954 1750 1104 1832 signifieat,
1124 1754 1223 1833 quales
1247 1759 1318 1814 sont

176 1833 351 1934 paroemiam
376 1830 423 1890 vel
447 1829 613 1910 proverbia,
636 1827 666 1890 et
692 1829 943 1910 apophthegmata.
984 1829 1061 1910 Quin
1085 1833 1173 1912 igitur
1196 1834 1318 1892 mamma

175 1933 246 1996 ipsa,
266 1913 290 1970 si
310 1911 404 1990 gravis
423 1917 452 1974 et
472 1909 634 1990 ponderosa
652 1916 707 1984 est,
726 1909 918 1990 expergefacit
937 1908 1086 1971 hominnm
1106 1929 1215 1982 sensns,
1234 1929 1316 1974 mera

155 1989 416 2074 ¹apophthegmata
440 1989 568 2070 mulereo
590 1989 644 2049 eibi
667 1991 698 2072 in
723 1991 818 2049 animo
842 2007 906 2050 esse
931 1997 1053 2050 testatur
1076 1999 1177 2051 suntor
1196 1989 1314 2051 Psalmi.

175 2074 290 2154 mvn
310 2088 394 2149 qnae,
413 2069 484 2130 alins
509 2071 637 2150 sequuti,
655 2069 825 2148 Aenigmata
849 2069 1001 2144 vertimus,
1025 2078 1169 2132 nbn'tam
1189 2091 1242 2150 pro
1262 2070 1316 2132 ob·

174 2153 265 2215 sonna
284 2149 437 2224 molendis,
464 2167 550 2229 quem
575 2151 683 2229 argutis
707 2149 754 2208 vel
777 2156 880 2210 notaio
903 2149 996 2229 dignis
1019 2151 1145 2288 qosilnm
1164 2157 1216 2211 eat
1255 2148 1314 2212 Ne-
1344 2185 1353 2196 ·

173 2250 230 2314 que
250 2231 325 2289 euim
345 2227 512 2309 ambagibus
530 2228 660 2296 involvet
678 2247 761 2290 sunm
783 2231 922 2290 nentienm
943 2228 1021 2312 Prop
1042 2237 1096 2302 eta,
1122 2231 1173 2292 sed
1192 2231 1315 2294 ditneide

172 2319 203 2374 et
221 2309 364 2391 explicate
389 2307 507 2368 disseret
530 2315 590 2370 tam
613 2309 650 2368 de
669 2307 811 2370 benefieiis
831 2306 897 2384 Dei,
917 2329 1003 2392 qnam
1023 2309 1060 2369 de
1079 2311 1179 2392 populi
1197 2313 1313 2391 ingrati·

172 2392 281 2453 tudine
320 2387 456 2464 Tantum,
475 2394 508 2449 ut
528 2388 597 2464 dlxi,
618 2390 768 2449 eonsilium
789 2389 850 2449 eins
874 2395 919 2449 eat
937 2389 1059 2454 leniores
1079 2409 1196 2465 acuere,
1215 2398 1248 2449 nt
1268 2399 1311 2450 at·

170 2472 277 2534 tentius
302 2469 469 2530 nonnionem
493 2467 568 2529 bano
592 2468 763 2550 expendant
805 2467 918 2532 Citatur
946 2467 994 2529 bin
1017 2470 1099 2531 loeus
1119 2489 1136 2531 a
1156 2469 1310 2546 Malibaen,

170 2571 234 2634 cap.
259 2553 309 2626 13,
333 2569 407 2610 vers.
432 2551 481 2616 33.
506 2556 537 2609 et
560 2547 791 2609 accommodatur
815 2549 851 2608 ad
872 2547 977 2609 Christi
1000 2567 1161 2630 personam,
1185 2549 1233 2610 nbi
1257 2549 1311 2610 nb-

171 2631 262 2694 sourie
287 2629 428 2711 parabolis
457 2636 568 2690 mentes
593 2629 692 2710 populi
718 2635 796 2690 tenet
820 2647 980 2709 snspensas.
1024 2627 1124 2690 Voluit
1153 2632 1227 2690 enim
1253 2628 1311 2690 lune

169 2711 258 2773 mndo
275 2709 406 2790 qarobare
430 2728 462 2768 se
484 2707 621 2769 eximium
646 2705 703 2766 Dei
721 2706 912 2788 Prnpllelam‚
957 2727 995 2768 nn
1019 2711 1127 2770 maiore
1151 2711 1310 2772 reverentie

170 2787 943 2946 ttttiltmlmltitlltltlitililille
961 2788 1309 2951 ltlllllltllt

170 2954 224 3012 site
243 2948 376 3009 transfert
399 2967 413 3006 r
432 2949 468 3008 ad
489 2947 550 3007 eine
561 2963 712 3028 perannum
734 2946 967 3030 qnodPrnplreta
986 2947 1022 3010 do
1037 2967 1069 3010 ae
1088 2948 1222 3010 affirmat
1253 2951 1308 3012 Ge·

168 3037 263 3101 terum
283 3027 355 3087 siin
376 2967 490 3087 dealmo
510 3026 567 3087 boe
586 3027 692 3088 relucet
710 3030 852 3102 maiestas,
877 3047 952 3108 quae
972 3029 1034 3087 inre
1053 3048 1106 3089 aun
1126 3029 1309 3090 addiscendi

168 3108 295 3170 studium
314 3107 421 3166 excitet
447 3107 568 3177 leniores
588 3106 781 3180 mamendal,
801 3107 950 3168 bioonolli
971 3109 1044 3167 ‘mus
1065 3127 1151 3190 qnam
1172 3113 1243 3168 seria
1264 3117 1307 3172 at-

167 3189 295 3252 tentione
313 3185 502 3267 Euangeliou
522 3187 654 3266 excipere
673 3205 727 3246 uns
751 3189 912 3264 conveniat,
934 3129 984 3247 nbi
1003 3189 1134 3250 eoelestis
1154 3191 1309 3269 sapientiae

166 3269 317 3330 thesauros
335 3266 417 3328 uobis
437 3268 529 3346 aperit
548 3265 695 3327 curatus„

150 3383 153 3393 ι
246 3351 274 3412 3.
296 3353 381 3424 Quae
404 3349 581 3408 andivimus.
622 3343 709 3424 Quod
735 3345 877 3426 praefatus
903 3345 939 3406 de
964 3346 1049 3407 rebus
1075 3348 1184 3430 magnis
1207 3355 1237 3410 et
1255 3347 1306 3409 ab·

166 3429 303 3490 soouditis
320 3446 360 3508 ,ρο
384 3425 472 3486 verba
490 3427 648 3497 botarum,
672 3443 750 3486 nono
769 3426 893 3500 subiicit,
919 3445 1099 3488 communem
1119 3447 1182 3489 esse
1201 3429 1307 3490 doetri-

165 3527 248 3649 li'l'
260 3505 1305 3667 itti.'lllllilltnllitiltl'llmmltttllllt

164 3669 274 3729 liariter
292 3673 361 3727 unta
380 3666 580 3728 essedontrina
600 3667 653 3725 toti
663 3665 782 3746 populo,
801 3684 835 3725 an
850 3667 1006 3726 rudissimis
1019 3667 1180 3748 quibusque
1199 3667 1305 3728 idiotis.

71 3798 75 3806 .
164 3747 222 3809 Ubi
241 3747 328 3828 igitur
346 3747 505 3829 aenigmata
525 3763 649 3842 qnorum
669 3763 763 3826 nuper
775 3747 922 3806 meminit?
935 3743 1119 3827 Respondete,
1136 3747 1219 3807 facile
1233 3745 1307 3810 bane

165 3828 322 3888 nonniliari:
342 3827 410 3906 qnia
428 3832 541 3886 tametsi
555 3825 686 3886 Psalmus
705 3845 751 3886 ree
770 3825 859 3905 vulgo
878 3831 961 3886 notae
981 3830 1133 3901 contineat,
1152 3826 1304 3908 splendido

163 3917 260 3968 tamen
280 3913 384 3966 ornatu
407 3923 456 3998 eae
475 3905 619 4002 illustram·
635 3925 694 3986 qno
713 3905 804 4000 magis
823 3904 929 3965 afficiat
949 3907 1037 3968 eorda
1056 3908 1216 3982 bominum,
1236 3907 1301 4004 eibi·

163 3986 524 4128 iteritatis-’tlt
536 3992 695 4140 ”ltili
713 3984 1305 4148 lilltltlttmlfflt

163 4141 224 4206 eina
243 4147 350 4206 utilitas
370 4144 407 4206 ad
426 4144 511 4206 rodes
531 4163 647 4225 qnoque
665 4152 695 4205 et
713 4145 861 4226 pomulosa
882 4145 965 4205 aienti
984 4165 1034 4208 ans
1047 4165 1107 4208 nnn
1120 4143 1303 4228 bustraSpi·
1426 4183 1427 4198 1

161 4226 234 4286 ritus
258 4232 375 4286 sanetus
392 4224 428 4285 nd
454 4223 619 4284 discendum
643 4225 753 4286 invitet.
793 4223 882 4302 Quod
901 4224 1050 4307 diligenter
1068 4225 1229 4288 notandum
1248 4234 1302 4287 est.

162 4303 237 4365 Nam
258 4306 282 4365 ai
300 4304 393 4378 Deus,
418 4303 455 4364 ad
480 4311 596 4386 mptum
630 4303 781 4366 hominnm
816 4307 1105 4381 annemundum,
1134 4304 1302 4368 submissim

160 4385 304 4467 loquitur,
329 4383 507 4468 contemptui
525 4391 570 4447 est
588 4383 704 4448 humilia
728 4383 848 4448 domndi
867 4387 950 4448 ratio.
989 4384 1043 4448 Sin
1061 4406 1132 4449 vern
1151 4387 1237 4450 altine
1257 4405 1301 4448 as·
