2874 4888
184 293 236 348 155
610 265 897 333 ncanvrnu‘s

276 407 327 478 14.
350 409 444 480 Certe
472 434 538 477 non
566 409 687 477 abiicict
708 408 826 476 lehova
853 409 1009 500 populum
1032 431 1136 492 suurn,
1164 398 1197 478 et
1217 411 1324 479 haere

187 506 316 586 ditatam
338 540 428 584 num
455 539 520 585 noo
549 515 758 607 derelinquet:
805 515 858 582 15.
880 503 963 600 Quia
985 515 1024 584 ad
1049 515 1199 584 iustitiam
1221 503 1325 614 alever-

180 633 269 690 -tetur
291 622 450 706 iudicium,
471 633 504 690 et
524 633 599 714 post
619 621 726 713 ipsum
749 643 861 690 omnes
883 621 1088 712 rectieorde.
1185 713 1188 720 .

173 835 175 845 ι
266 802 313 866 14.
329 768 419 864 ¹(Inte
439 819 503 861 non
526 761 652 864 obiicieli
689 799 803 861 Clarias
829 803 1006 882 superiorem
1029 757 1324 864 nntmnanconun

187 888 258 956 mat¹
277 881 342 942 lieri
360 899 449 962 ⁴posse
473 894 579 962 negans
604 889 636 942 nt
656 879 736 940 Deus
756 882 896 962 populum
921 882 1041 956 obiiciat,
1066 900 1152 962 quem
1171 884 1250 944 velut
1269 883 1325 943 sibi

49 975 53 990 ¹
96 997 100 1007 ·
186 961 403 1022 haereditarium
428 961 521 1040 elegit.
561 963 657 1041 Atque
681 959 737 1020 hoc
761 962 843 1019 nobie
868 971 980 1022 sacrum
1005 961 1118 1042 asylum
1142 980 1205 1021 esse
1229 962 1324 1035 debet,

187 1043 298 1121 quoties
317 1039 399 1102 malis
418 1047 570 1112 tentamur,
594 1059 646 1100 nos
666 1047 762 1100 tamen
782 1058 844 1100 esse
863 1039 920 1100 Dei
940 1042 1089 1122 poputum,
1109 1043 1174 1122 quia
1195 1061 1248 1100 uos
1268 1043 1324 1102 sibi

187 1122 273 1202 pratis
293 1119 452 1200 adoptavit:
473 1121 569 1258 ilapu'c
588 1139 683 1179 caram
702 1119 729 1179 ei
749 1139 811 1179 esse
831 1125 860 1179 et
877 1121 1165 1200 pretiosemsalutem‘
1178 1129 1323 1182 summme

188 1201 254 1278 quia
280 1219 337 1258 non
357 1199 460 1259 frustra
481 1201 624 1280 policitus
649 1205 742 1258 est'se
761 1217 820 1258 non
841 1219 922 1258 secus
943 1197 1085 1260 Ecclesiae
1102 1218 1182 1274 suae,
1202 1216 1236 1259 ac
1255 1221 1323 1281 pro·

189 1281 267 1360 price
287 1278 477 1349 haereditatis
496 1279 626 1338 sedulum
647 1279 709 1339 lore
729 1278 898 1349 custodem.¹
917 1277 999 1339 Unde
1018 1297 1131 1339 rursum
1151 1278 1324 1359 colligimus,

186 1357 318 1418 excidere
341 1366 371 1418 et
395 1377 562 1418 evanescere
584 1359 763 1440 patientiam,
792 1359 846 1418 nisi
870 1357 1004 1439 affulgeat
1027 1361 1134 1441 gratiam
1158 1362 1261 1420 nonus
1285 1360 1323 1420 ad

187 1437 328 1522 placandos
348 1457 448 1499 omnes
468 1440 560 1496 carnis
579 1437 727 1498 tumultus.
1012 1437 1018 1448 '

145 1535 147 1542 ‘
268 1519 324 1578 15a
337 1521 419 1592 Quia,
436 1520 477 1577 nd
494 1507 648 1578 iustitiam.
679 1517 755 1595 Quia
775 1518 804 1576 iu
825 1515 1010 1578 afflictionum
1019 1513 1142 1578 mabil!
1161 1527 1221 1580 nun
1238 1515 1323 1579 heile

187 1604 232 1656 est
250 1616 365 1656 cernere
389 1617 515 1657 amorem
539 1597 619 1656 illum
645 1617 703 1679 qno
724 1595 804 1656 Dens
829 1617 897 1656 suas
924 1597 1036 1656 occulte
1055 1600 1245 1678 prosequitua,
1265 1599 1322 1657 ailo

139 1725 144 1738 „
188 1683 355 1756 argumento
375 1679 466 1736 utitur
485 1675 638 1758 Propheta,
657 1695 762 1756 nempe
781 1676 858 1756 quod
879 1684 945 1757 post
965 1676 1321 1758 conlusam'pertnrbatia-

188 1774 253 1816 nem
274 1755 354 1816 Dens
372 1757 488 1816 modam
506 1775 551 1816 rea
573 1759 603 1816 in
623 1757 779 1836 legitimum
799 1756 927 1816 ordinem
948 1763 1109 1838 componet.
1138 1756 1216 1834 Quia
1237 1757 1321 1838 phra-

187 1839 226 1895 sis
247 1833 407 1916 Prophetae
426 1835 555 1896 nonnihil
574 1835 694 1896 obscura
715 1842 772 1896 est:
793 1835 952 1895 disiunctirn
978 1835 1092 1916 quidam
1112 1836 1185 1896 haec
1204 1837 1262 1896 duo
1282 1838 1322 1896 le·

208 1923 267 1988 rant,
286 1915 396 1975 lustitia
415 1917 450 1974 ad
470 1914 557 1980 linem
576 1919 746 1976 revertetur:
766 1921 874 1994 postea,
893 1919 1038 1976 iudicium
1055 1923 1233 1976 reveletis:-
1263 1907 1323 1976 Sea

117 1999 121 2007 “
187 1936 244 2055 hoc
264 1993 350 2056 modo
368 2007 519 2076 perperam
537 2001 675 2078 torquent
693 2014 726 2054 ao
751 1995 904 2054 dilacerant
928 2001 1103 2056 contextum.
1144 1994 1207 2076 Epo
1226 1997 1323 2078 itaque

187 2075 304 2156 perinde
328 2077 457 2155 accipere
480 2093 539 2135 non
564 2076 662 2135 dubito
687 2075 745 2133 acsi
771 2075 877 2133 dictum
892 2082 985 2148 resset,
1014 2075 1150 2136 inshoium
1180 2075 1324 2154 aptabitur
1433 2093 1434 2096 ’

188 2155 235 2214 vel
261 2153 484 2214 conformabitur
513 2157 642 2214 iustitiae.
665 2153 821 2213 ‚iudicium
841 2175 929 2236 porro
945 2155 1004 2228 bio,
1034 2156 1108 2215 sicut
1135 2156 1232 2214 multis
1260 2156 1324 2216 aliia
1433 2175 1434 2230 i

187 2235 267 2309 loeis,
287 2254 340 2314 pro
360 2233 564 2318 gubernatione
582 2235 729 2330 accipitur,
748 2235 797 2294 vel
816 2235 931 2314 p'ublico
951 2241 1036 2294 statu.
1072 2234 1131 2294 lam
1151 2238 1218 2316 qnia
1237 2235 1324 2296 mbas
1369 2239 1372 2250 '
1433 2233 1434 2248 ¹

103 2351 108 2358 ·
188 2317 219 2376 in
237 2313 347 2376 mundo
367 2314 486 2374 turbatis
506 2315 618 2374 videtur
636 2315 767 2394 miquum
787 2333 823 2373 ac
835 2329 1001 2394 perversum
1020 2331 1083 2374 esee
1103 2318 1238 2395 regimen,
1257 2314 1324 2375 idco
1433 2353 1434 2370 a

187 2395 329 2478 promittit
348 2395 496 2455 meliorem
517 2397 635 2458 exitum.
676 2393 736 2452 Nec
762 2401 872 2452 lantum
898 2393 967 2453 dicit
984 2394 1123 2453 audituros
1142 2395 1178 2453 ad
1198 2395 1324 2482 aequita-

27 2467 32 2474 '
101 2507 106 2517 =
187 2481 246 2534 lem
266 2471 394 2534 homines
415 2475 465 2554 qui
485 2475 565 2554 prius
582 2473 742 2532 inordinate
760 2472 898 2534 dominati
916 2474 1040 2544 ‘luennh
1065 2473 1115 2532 aad
1134 2475 1220 2542 altius
1236 2489 1322 2556 pene·

81 2604 84 2613 .
186 2559 251 2626 troi,
270 2551 429 2612 ‘Dominum
449 2553 565 2612 tandem
584 2554 613 2613 iu
633 2552 804 2612 restituenda
819 2550 945 2612 Ecclesia
964 2553 1100 2612 iustitiam
1121 2565 1207 2633 qnam
1222 2553 1323 2614 bocal-

186 2633 290 2694 tavcrit
309 2633 531 2714 patefacturums
560 2650 619 2692 uon
649 2630 728 2712 qnod
757 2634 817 2691 eius
869 2632 1026 2692 revidendo
1051 2653 1178 2712 unquam
1201 2641 1324 2694 amulo

187 2713 286 2774 ordine
305 2713 351 2771 vel
370 2713 519 2772 minimum
540 2712 678 2784 deflectat,
697 2712 746 2770 scd
767 2712 833 2792 quia
848 2653 1000 2771 hominum
1011 2721 1152 2793 respectu,
1171 2730 1230 2772 nou
1244 2728 1323 2774 neam

207 2813 237 2853 cr
257 2796 374 2871 apparet
393 2791 458 2850 talis
476 2792 634 2852 moderatio
658 2791 706 2850 vel
725 2797 980 2871 temperamentum
1005 2799 1038 2850 nt
1062 2791 1272 2873 conspicda‘sit
1288 2793 1322 2852 il·

99 2920 103 2930 .
171 2813 241 2931 'llus
261 2871 380 2931 iustitia:
405 2889 478 2950 qnae
502 2871 576 2945 iusta
601 2869 769 2951 gubernatio
789 2870 892 2931 dicitnr
910 2869 959 2932 ubi
980 2879 1106 2932 carmela
1125 2879 1168 2932 est
1188 2876 1322 2952 insequa-

184 2952 257 3011 litas.
288 2947 361 3010 Nam
381 2951 464 3010 sicuti
483 2957 567 3010 nocte
586 2950 633 3010 vel
652 2958 781 3032 tempore
799 2950 898 3012 nubilo
923 2952 1020 3011 lumen
1039 2952 1108 3012 solis
1126 2952 1324 3012 absconditam

185 3037 237 3100 cst,
257 3031 296 3090 ita
317 3029 384 3088 dum
404 3029 484 3112 impii
503 3030 631 3090 homines
656 3031 805 3109 tyrannice
829 3030 919 3090 bonos
937 3038 1054 3100 vexant,
1079 3039 1110 3092 et
1133 3049 1234 3093 eorum
1258 3032 1324 3091 libi-

174 3111 243 3170 dini
268 3129 302 3169 ac
325 3109 478 3170 sceleribus
503 3109 636 3170 laxantur
660 3109 795 3185 habenae,
820 3111 895 3170 inter
919 3128 972 3171 nos
991 3118 1020 3170 et
1039 3109 1096 3170 Dei
1116 3111 1324 3194 providentiam
1433 3127 1434 3156 ³

183 3189 366 3273 interpositae
387 3189 506 3250 nebulae
526 3191 620 3250 lnecm
639 3192 788 3272 aequitatis
808 3190 970 3266 absumant,
999 3198 1028 3250 et
1048 3192 1088 3251 ita
1109 3192 1324 3272 quodammodo

183 3271 362 3350 iudicirrcr‘a
388 3270 493 3329 institia
514 3269 685 3329 distrahitur.
726 3267 823 3330 Rebus
848 3277 943 3330 aulem
963 3272 991 3330 in
1012 3288 1111 3329 verum
1132 3272 1260 3331 ordinem
1280 3289 1323 3332 re·

184 3351 297 3419 stitutio,
319 3351 443 3430 optimus
463 3349 575 3430 imperii
599 3356 628 3409 et
649 3351 774 3410 iustitiae
798 3367 953 3410 consensus
977 3352 1007 3409 in
1031 3352 1178 3429 modenule
1197 3351 1324 3431 aeqpali·

184 3435 242 3489 tate
262 3435 389 3509 apparet.
429 3421 498 3490 lide
518 3427 633 3567 puidem
653 3431 682 3489 in
703 3429 787 3488 rebus
807 3431 932 3490 confusis
951 3431 1086 3490 iustitiam
1106 3429 1170 3504 Dei,
1190 3431 1323 3490 licet'ab·

183 3507 351 3582 sconditum,
371 3511 514 3590 apprehen
536 3528 584 3569 ere
602 3529 656 3568 nos
676 3509 769 3569 decet:
795 3509 844 3568 scd
866 3509 920 3569 boc
939 3511 974 3570 ad
994 3529 1109 3570 sensum
1128 3517 1158 3571 et
1177 3511 1323 3591 experien-

183 3591 252 3650 tiam
273 3583 401 3664 refertur,
423 3589 500 3668 quod
521 3591 777 3671 tanquam'sereuo
798 3589 879 3648 coelo
899 3589 1016 3670 fulgebit
1027 3589 1081 3650 Dei
1100 3590 1214 3650 institia.
1246 3594 1324 3650 Poe
1367 3621 1369 3625 ·

184 3693 248 3729 eoru
269 3689 368 3729 omnes
387 3677 459 3729 recti
484 3671 580 3730 corde.
610 3667 734 3730 Vertunt
753 3669 850 3750 aliqui,
871 3671 1165 3748 postcamiostitiarm
1185 3669 1234 3729 sed
1252 3671 1324 3748 quia

183 3766 289 3810 nomeu
314 3747 371 3807 hoc
395 3749 532 3828 accipitur
556 3768 609 3828 pro
631 3748 742 3830 aequali
766 3753 795 3807 el
816 3748 945 3808 ordinato
965 3751 1110 3830 regimine,
1130 3761 1220 3830 quaem
1240 3747 1347 3832 Dens·

184 3827 338 3889 vindictam
357 3829 443 3886 sumit
464 3827 500 3886 de
519 3826 656 3908 improbis
676 3835 704 3888 et
725 3832 792 3888 suos
812 3827 928 3887 liberat:
953 3848 1013 3889 non
1032 3831 1147 3890 videtur
1165 3845 1323 3909 congessere

68 3931 71 3936 ·
185 3909 232 3967 illa
252 3907 403 3986 expositio,
432 3906 507 3966 malo
528 3909 614 3988 igitur
634 3907 669 3968 de
689 3909 752 3990 ipso
773 3906 837 3968 Deo
857 3909 1021 3990 intelligere,
1041 3916 1128 3990 atqua
1146 3911 1185 3969 ita
1205 3911 1260 3968 erit
1279 3927 1322 3968 re·

183 3987 303 4046 laticum
324 3987 383 4045 sinc
403 3987 594 4046 antecedente.
635 3985 736 4069 Neque
756 3989 832 4047 enim
850 3987 988 4048 Hebraeis
1008 4007 1104 4049 mrum
1124 3995 1176 4064 est,
1196 3989 1244 4049 ubi
1265 3988 1323 4048 Dei

183 4066 217 4126 lit
236 4068 352 4140 mentio,
377 4067 503 4138 nomine,
523 4069 584 4126 eius
609 4067 684 4142 loco,
710 4087 817 4148 ponere
842 4069 1001 4128 relativum.
1042 4066 1150 4128 Senem
1174 4089 1243 4148 engo
1267 4076 1323 4142 est,
1433 4103 1434 4136 r

184 4147 274 4205 iustos
294 4165 402 4221 omnes,
423 4143 471 4205 nbi
492 4143 572 4205 Dens
592 4150 697 4206 statum
723 4145 822 4206 mundi
842 4150 1047 4228 composuerit,
1072 4157 1238 4229 sumpturos
1264 4149 1322 4208 ani·

184 4246 263 4284 mum
289 4233 321 4285 nt
345 4245 411 4285 eum
435 4223 556 4286 alacrius
580 4233 745 4306 sequantur.
770 4223 832 4286 Etsi
858 4229 933 4287 enim
957 4230 1042 4288 etiam
1062 4245 1174 4288 erucem
1193 4226 1322 4302 ferendo,
1433 4251 1434 4276 r

184 4323 236 4442 per
256 4319 405 4365 ecrrrmnas
424 4313 454 4366 et
473 4305 639 4365 afflictiones
663 4307 698 4366 od
718 4325 786 4365 curn
805 4307 961 4388 adspirant,
978 4308 1027 4367 ubi
1047 4309 1322 4368 temensentlunt‘li-
1433 4305 1434 4374 l

204 4392 353 4458 aratorem,
372 4391 402 4445 et
421 4385 506 4446 telem
526 4385 705 4468 conspiciunt
715 4389 775 4447 cius
784 4406 911 4462 manum,
930 4388 1042 4469 plenius
1057 4390 1084 4448 ei
1103 4387 1321 4450 seseaddicnnt.
