2884 4886
188 277 242 334 303
523 243 531 248 ’
593 267 900 340 ‚octaviana
988 261 994 274 ⁸

190 399 287 482 gilgal,
307 397 356 476 qui
376 393 462 454 modo
481 413 518 454 ex
538 393 633 452 auimo
653 395 714 452 eius
740 391 825 459 fidem
853 391 1015 470 implorant.
1055 385 1116 448 lam
1136 407 1226 468 quum
1247 388 1333 448 nulla

191 483 228 540 ait
251 493 435 557 personarum
460 473 588 552 acceptio
614 473 688 554 opud
716 471 824 542 Deum,
843 491 880 530 ne
899 470 935 528 ab
950 487 1066 550 aocepsu
1091 487 1144 528 nos
1169 468 1333 564 absterreat

191 541 320 639 igirobiiis
340 561 369 613 et
388 549 494 612 dbiecla
514 559 610 610 nostra
636 550 769 620 conditio.
796 549 910 629 quando
936 556 995 607 lam
1014 549 1134 608 comiter
1152 549 1257 610 invitat
1276 569 1333 628 qus

141 613 144 628 ⁵
191 637 296 698 nullius
315 633 447 693 videntur
466 649 528 690 esse
548 633 639 710 prelii.
679 629 821 710 llepctilio
840 631 924 687 etiam
950 629 981 686 in
1000 627 1089 686 verbo
1108 629 1263 701 benedicet,
1282 648 1332 688 as-

192 717 306 778 siduum
330 711 435 792 gratiae
461 729 576 770 careum
600 711 735 789 designat.
776 709 808 768 Si
834 710 923 787 magis
949 707 1058 786 placeat
1083 714 1196 787 tempus
1215 715 1332 804 prepte-

193 798 279 854 ritum
304 793 434 864 retinere,
463 807 562 848 seusus
587 791 649 861 crit,
679 790 763 868 longa
793 788 865 846 serio
890 787 1007 846 ssuaiase
1027 785 1083 845 liei
1111 785 1333 850 beneficentiam

195 865 1335 1028 tad-lllltlltttll.‘ttttttlttll‘tillitati.itti

217 1050 269 1091 uae
287 1029 425 1088 hactenus
445 1025 582 1086 beneficio
601 1027 768 1086 contulerat.
804 1023 879 1102 Quia
900 1025 975 1086 enim
996 1025 1059 1083 loos
1078 1033 1123 1084 est
1141 1026 1334 1085 inexhaustus

195 1053 253 1170 dci
272 1107 438 1178 liberalitas,
463 1124 612 1185 nunquam
631 1106 733 1166 desinit
752 1123 865 1165 cursum
885 1123 970 1164 auum
989 1110 1099 1176 tenere.
1114 1106 1335 1184 quamdiuanao

116 1179 120 1186 ’
197 1187 403 1270 ingratitudinis
423 1183 569 1244 obstaculo
588 1203 651 1244 eam
671 1185 799 1244 homines
819 1205 877 1244 noo
897 1189 1001 1242 arcent.
1031 1181 1114 1244 Unde
1132 1188 1273 1264 sequitur,
1296 1185 1335 1246 ad

196 1275 326 1350 posteros
346 1283 462 1346 quoque
481 1283 607 1322 manere:
627 1266 694 1342 quia
715 1263 794 1323 Deus
818 1263 978 1344 adoptionis
997 1281 1065 1322 suae
1084 1265 1202 1342 gratiana
1220 1271 1253 1325 ot
1271 1266 1336 1326 sru-

197 1354 274 1408 ctum
294 1345 323 1404 in
344 1344 421 1403 mille
441 1344 632 1422 generationes
653 1349 799 1424 propagat.
891 1337 911 1361 '⁴
1409 1407 1410 1436 p

277 1428 325 1487 15.
346 1425 498 1483 amasco
516 1445 575 1482 ooo.
617 1421 753 1484 Proximo
773 1441 859 1482 versu
879 1441 958 1500 spem
978 1421 1083 1518 leoerct
1103 1421 1248 1503 Propheta
1260 1442 1336 1518 ‘per-

198 1511 302 1657 tlt?
318 1501 1336 1662 illailla?ldlttltlllttttilttlztltlt
1409 1597 1410 1600 κ

200 1663 330 1724 licentiae
349 1661 508 1741 partitipes.
549 1657 632 1718 Nunc
651 1659 860 1720 confirmandae
881 1659 964 1718 buius
979 1661 1122 1720 doctrinae
1139 1679 1237 1735 musa,
1257 1661 1336 1723 tilios
1409 1713 1410 1722 .

200 1741 342 1810 Abrahae,
361 1746 565 1800 commemorat
584 1739 704 1804 selectos
724 1759 785 1799 esse
805 1759 822 1799 a
842 1739 956 1818 reliquia
978 1739 1125 1813 Gentibus,
1144 1748 1177 1800 ut
1196 1740 1255 1801 laoc
1275 1746 1337 1824 pri-

200 1821 304 1900 vilegio
330 1819 408 1891 freti,
432 1839 493 1878 non
518 1817 747 1878 dubitenttotos
771 1838 802 1878 ae
827 1826 887 1877 tam
912 1819 1032 1897 benigno
1058 1827 1087 1880 et
1111 1819 1239 1880 benefico
1260 1825 1347 1902 patri,
1409 1853 1410 1856 ¹

202 1899 340 1960 addicere.
379 1897 440 1956 lam
460 1899 527 1976 quia
547 1916 613 1958 caro
634 1918 686 1978 pro
706 1917 757 1957 soa
777 1899 908 1958 tarditate
928 1917 987 1958 uon
1008 1898 1193 1978 apprehendit
1203 1899 1263 1961 Dei
1284 1922 1337 1981 po-
1409 1907 1410 1950 1

201 1980 330 2049 tentiam,
350 1979 430 2038 cuiue
450 1978 573 2056 cognitio
584 1996 636 2036 nos
656 1975 776 2036 subDei
789 1972 935 2057 'praesidio
954 1980 1066 2056 quietos
1085 1986 1114 2038 et
1128 1999 1246 2039 securos
1266 1999 1338 2040 cou-
1409 1993 1410 2042 ἲ

201 2059 288 2118 tinet:
309 2055 452 2134 Propheta
465 2057 544 2114 Coeli
563 2065 696 2116 eltmoe
716 2059 850 2136 opificem
870 2075 986 2129 vocans,
1006 2060 1143 2118 admonet
1162 2062 1283 2120 minime
1304 2064 1338 2121 ti·
1409 2065 1410 2140 l

202 2134 337 2194 mendum
362 2153 425 2193 esse
448 2153 484 2194 aa
503 2136 564 2213 ipse
588 2155 662 2193 unns
686 2135 722 2192 ad
742 2156 795 2195 nos
820 2135 941 2195 tuendos
965 2135 1096 2195 sulficiat.
1136 2135 1240 2216 Neque
1259 2142 1340 2200 enim
1409 2159 1410 2228 ζ

105 2216 107 2226 ’
199 2213 244 2272 'cic
264 2214 371 2272 creavit
391 2210 471 2272 Deus
490 2213 601 2272 coelum
621 2219 650 2272 et
669 2220 783 2283 terram,
803 2217 836 2270 ut
856 2230 932 2272 onoc
951 2213 1047 2274 sedeat
1066 2215 1174 2274 otiosus
1188 2215 1224 2272 iu
1244 2217 1340 2290 coelo,
1409 2253 1410 2302 l

70 2305 77 2316 ·
202 2287 253 2348 scd
268 2291 305 2347 nt
324 2304 378 2345 auo
397 2286 516 2366 imperio
536 2286 700 2346 moderetur
718 2287 852 2368 quicquid
872 2292 959 2348 semel
979 2289 1113 2398 condidit·

293 2467 346 2538 16.
365 2464 458 2536 Coeli
479 2469 566 2537 coeli·
580 2468 729 2538 lehovae:
758 2481 789 2538 at
811 2479 924 2536 terram
953 2469 1037 2538 dedit
1064 2469 1134 2542 filiis
1154 2471 1340 2541 hominnm.
1409 2467 1410 2552 J

206 2573 259 2640 17.
281 2571 356 2640 Nou
378 2573 496 2640 mortui
517 2573 687 2643 laudabunt
702 2589 739 2644 te
753 2575 854 2658 Deus,
876 2600 981 2667 neque
1004 2577 1188 2668 omnesqui
1210 2579 1343 2646 descen·
1409 2569 1410 2578 ἵ

108 2665 111 2672 “
204 2678 284 2746 dunt
305 2677 338 2744 in
361 2677 539 2774 silentium.¹
569 2681 619 2747 18.
641 2679 711 2748 Nos
733 2692 840 2748 autem
861 2681 1083 2750 benedicemus
1101 2681 1171 2752 Deo
1193 2707 1238 2752 ex
1253 2709 1367 2754 nnnc·

190 2794 239 2852 et
259 2805 362 2876 usque
384 2783 417 2852 ia
439 2783 592 2852 seculum.
636 2785 821 2854 llailoluiah.

56 2934 60 2947 ·
177 2967 181 2974 .
287 2927 334 2987 16.
357 2927 435 2988 Coelo·
455 2931 527 2988 coeli
546 2931 679 2990 Ielroooe.
720 2927 774 2989 Hic
794 2930 947 2992 bonitatem
958 2931 1023 3008 Dei,
1043 2939 1254 3016 paternumque
1273 2956 1345 2998 era
1409 2925 1410 3000 i

205 3003 362 3064 humanum
388 3025 477 3084 genna
501 3026 628 3070 amorem
653 3012 832 3071 commendat
852 3011 1009 3092 Propheta,
1029 3015 1122 3094 quod,
1147 3035 1241 3096 quum
1261 2959 1346 3078 aad·
1409 3003 1410 3006 Ἴ

205 3102 237 3143 re
257 3081 379 3162 indigeat
399 3087 469 3163 ipsc,
489 3087 627 3146 mundum
646 3085 741 3148 tamen
761 3109 826 3150 enm
847 3095 904 3150 suis
924 3093 1025 3172 opibus
1045 3096 1168 3154 inusnm
1187 3095 1346 3156 homiuum

206 3161 372 3222 condiderit.
412 3161 558 3240 Quorsum
583 3169 658 3226 euim
682 3175 761 3228 tanta
792 3169 932 3230 bonorum
960 3175 1096 3234 varietate
1122 3179 1212 3254 (quae
1233 3176 1346 3256 ubique

205 3259 237 3300 ao
256 3240 358 3319 ingerit
377 3236 467 3301 ocdlis
487 3247 603 3321 nostris)
624 3246 726 3307 relerta
745 3257 788 3308 est
807 3257 890 3324 terra,
916 3251 970 3310 nisi
989 3255 1057 3331 tpuia
1076 3251 1164 3320 Deus.
1189 3261 1225 3314 ut
1246 3258 1346 3336 provi·

207 3319 260 3378 dus
285 3315 499 3399 paterfamilian
524 3325 737 3385 necessitatibus
768 3330 873 3388 nostris
903 3333 1065 3391 consuluit?
1095 3331 1253 3414 Quotquot
1273 3355 1346 3414 ergo
1409 3389 1410 3392 ,

117 3431 123 3442 =
207 3397 422 3460 commoditates
451 3401 498 3462 hic
518 3405 697 3485 percipimus,
727 3407 846 3468 totidem
870 3415 937 3475 suut
981 3417 1094 3472 ateroee
1112 3413 1174 3472 eiua
1193 3431 1284 3476 curae
1304 3424 1346 3474 te·

145 3519 147 3524 ,
207 3479 349 3550 alimonia,
379 3479 435 3539 hoc
455 3480 615 3622 Prophetae
644 3486 793 3546 consilium
813 3495 866 3562 est,
894 3431 979 3569 quod
1002 3492 1090 3550 miror
1118 3498 1178 3552 tam
1202 3513 1308 3554 secure
1327 3513 1347 3554 a

95 3627 99 3630 ,
207 3558 351 3640 plerisque
370 3559 514 3640 interpret¹
538 3583 570 3624 ns
599 3565 713 3646 negligi.
754 3565 873 3628 Summa
892 3576 945 3643 est,
974 3567 1070 3630 Deum
1090 3571 1180 3650 gloria
1199 3591 1252 3634 oua
1273 3593 1349 3633 cou-

134 3677 138 3688 .
166 3698 171 3707 ¹
208 3643 330 3704 tentum,
361 3643 464 3698 terram
483 3641 672 3723 locupletasse
697 3646 785 3725 copiis
810 3646 950 3721 omnibus,
970 3651 1089 3729 ne‘quid
1109 3651 1275 3712 hominibus
1299 3655 1348 3713 de·

208 3721 291 3775 esset.
313 3711 408 3775 Derim
429 3725 524 3780 autem
544 3726 622 3784 omni
643 3731 752 3784 terrena
764 3727 1003 3807 opulentiaposae
1022 3747 1118 3790 carere
1138 3732 1250 3810 probat,
1271 3753 1347 3813 qno·

209 3795 287 3854 niam
307 3793 444 3856 inhabitat
462 3801 565 3875 melos,
590 3821 656 3862 nam
683 3812 758 3864 certe
778 3825 870 3885 neque
893 3809 1002 3882 vinum,
1027 3829 1120 3888 neque
1139 3813 1267 3872 triticum
1290 3813 1349 3872 illic

208 3874 345 3947 nascitur,
365 3893 458 3954 neque
477 3880 530 3938 alia
551 3883 626 3941 vitae
636 3881 768 3942 subsidia.
793 3883 1021 3966 Undesequitur‚
1044 3885 1248 3950 monomenta
1269 3911 1349 3970 opos

85 3969 88 3974 ¹
211 3954 366 4032 quicquam
396 3963 478 4015 extra
503 3979 533 4018 se
563 3979 706 4047 quaerere,
736 3971 822 4044 atque
852 3965 909 4026 huc
928 3975 1038 4047 spectat
1057 3968 1219 4048 duplicatio.
1261 3971 1350 4040 Coeli

211 4033 285 4091 coeli
304 4030 370 4094 Deo
390 4033 547 4098 sufficiunt:
567 4047 596 4098 et
616 4044 682 4121 quia
702 4041 789 4104 nullis
807 4043 983 4106 adminiculis
1002 4049 1133 4128 indiget,⁴
1145 4051 1207 4128 ipse
1227 4049 1284 4110 sibi
1305 4059 1351 4112 est

211 4128 266 4190 pro
286 4105 399 4172 centuria
424 4117 546 4176 mundis.
585 4117 688 4188 Restat
709 4124 796 4202 igitur
819 4123 876 4186 hoc
899 4127 1064 4200 secundum,
1095 4129 1231 4208 quicquid
1252 4135 1300 4190 eat
1318 4133 1353 4191 iu

211 4190 320 4248 mundo
340 4193 509 4271 opulentiae.
528 4195 650 4260 clamare
669 4201 725 4260 alta
745 4221 817 4262 voce
836 4221 923 4284 quam
943 4205 1086 4266 beneficus
1107 4215 1187 4288 pater
1206 4210 1245 4269 eit
1264 4209 1352 4270 Deos

211 4285 281 4348 erga
301 4269 437 4332 homines.
479 4273 578 4352 Quom
598 4297 668 4338 varo
689 4281 724 4340 de
749 4283 961 4362 incomparabili
980 4288 1034 4348 ista
1055 4285 1110 4347 Dei
1127 4287 1258 4360 bonitate
1280 4309 1353 4350 eon·

213 4348 341 4408 donatus
366 4360 439 4412 esset
458 4353 582 4434 Spiritus
607 4365 731 4436 sanctus,
760 4363 864 4424 anuum
889 4371 933 4426 est
956 4364 1040 4426 huius
1066 4368 1211 4430 doctrinae
1234 4371 1355 4430 nullom
