2890 4886
570 321 614 366 ιιι
642 319 726 365 rsus
742 325 758 365 ι.
774 323 799 369 nt
833 325 895 368 carr.
1005 256 1029 336 ⁹·
1241 271 1296 390 pfl

159 439 190 510 7.
213 439 365 510 Patefecit
380 439 448 510 vias
470 463 544 509 suas
554 440 650 530 Moci,
669 443 948 514 fiffislsneltacu
969 469 1036 516 sua.
1064 449 1097 518 8.
1119 447 1298 542 blisericors

157 558 191 618 et
213 547 355 662 clement
375 545 503 634 lahova,
525 543 717 644 longus'ira,
739 561 773 620 et
792 549 913 620 multus
935 551 1084 624 bonitate.
1350 587 1353 592 ·

239 685 268 748 6.
287 685 417 751 Fortem
434 689 575 746 tortum.
594 683 753 767 Postquam
773 688 803 749 in
821 688 916 769 seipso
926 685 982 748 Dei
1002 687 1138 752 beneficia
1156 695 1299 756 recensuit

158 762 271 839 David,
295 762 411 824 abbae
436 764 547 845 privata
567 765 793 832 consideratione
810 769 923 850 longine
943 767 1081 830 evehitur.
1121 770 1297 854 Quanquam
1372 825 1375 834 .

157 843 278 930 dubium
302 862 362 904 non
385 847 444 917 est,
473 842 523 904 ubi
542 841 624 905 Dens
648 847 793 928 praedicat
812 866 978 909 succurrere
997 851 1155 930 oppressu,
1174 855 1246 948 qnia
1265 873 1297 916 ss

157 941 252 986 nunm
270 929 377 984 sumat
395 923 426 982 in
445 941 547 984 eornm
566 944 701 998 numero,
725 928 808 987 sicuti
827 928 889 988 eins
908 927 1046 990 auxilinm
1065 931 1095 990 in
1115 931 1211 992 mulus
1232 952 1297 1014 per·

156 1001 376 1083 sequntionibus
395 1010 532 1084 expertus
550 1010 625 1066 erat:
644 1004 743 1066 sodex
762 1019 814 1067 sua
832 1009 1005 1102 experientia
1025 1007 1164 1088 describit,
1180 1013 1296 1092 qualem

144 1081 240 1144 'Deus
251 1101 282 1144 se
292 1089 436 1164 praestare
446 1083 547 1158 ¹soleat
556 1083 687 1144 omnibns
706 1086 809 1150 iniuste
818 1085 939 1147 afflictis.
970 1086 1107 1148 Ceterum
1117 1093 1183 1170 qnia
1197 1091 1296 1153 fideles

156 1165 189 1224 in
209 1160 266 1222 hoe
285 1162 393 1223 mundo
412 1181 527 1244 semper
550 1164 625 1223 inter‘
648 1164 732 1245 lupos
757 1172 916 1241 vomantur,
937 1167 1043 1305 plurali
1062 1186 1183 1232 numero
1202 1171 1296 1232 varias

154 1242 346 1308 liberationes«
364 1241 500 1304 celebrat:
529 1249 563 1304 ut
587 1244 710 1304 adamus
735 1242 792 1306 boc
815 1264 878 1306 esse
903 1265 936 1305 or
956 1247 1075 1307 inarinm
1100 1247 1157 1308 Dei
1181 1269 1296 1325 munus,

156 1341 324 1386 succurrere
343 1323 432 1382 servis
457 1322 515 1382 suis
535 1323 647 1404 quoties
667 1323 798 1384 iniuriam
821 1325 877 1384 illis
896 1326 991 1386 afferri
1011 1327 1097 1388 videt.
1136 1325 1211 1389 Nam
1229 1330 1297 1392 hinc

155 1403 193 1466 ad
213 1401 377 1482 patientiam
395 1401 571 1478 instruimur,
591 1401 660 1462 dnm
680 1410 792 1464 nostras
810 1405 927 1464 iniurius
946 1404 1027 1466 Deua
1046 1407 1228 1468 vindicandas
1247 1428 1297 1470 sn-

216 1483 253 1543 it:
277 1489 307 1542 et
331 1483 442 1562 quotics
466 1481 564 1562 inique
588 1482 767 1564 impetimur,
791 1483 914 1546 institiae
932 1503 1001 1546 snae
1020 1485 1124 1570 clypeo
1143 1505 1197 1548 nos
1215 1489 1296 1570 tegit,

155 1503 317 1626 ffindteti
337 1561 430 1648 gladio
450 1561 582 1622 defendit.

235 1642 266 1704 7.
285 1641 436 1723 Potp‘ecit
455 1648 530 1702 ctas.
569 1639 630 1702 lam
649 1640 733 1702 electi
759 1641 859 1724 populi
879 1661 1032 1724 pomonam
1052 1647 1170 1727 emcipit
1190 1645 1296 1724 David,

156 1727 188 1784 ei
207 1720 323 1802 quidem
343 1727 521 1801 opportune,
545 1739 649 1802 nempe
667 1719 811 1782 beneficiis
831 1721 884 1782 sibi
904 1723 1013 1784 collatis
1033 1724 1208 1786 admonitum
1228 1727 1296 1808 qnia

194 1819 311 1860 mnasns
330 1806 400 1873 erat,
417 1799 536 1896 'nonnisi
556 1807 696 1880 quaterne
714 1807 778 1861 erat
797 1799 940 1862 Ecclesiae
959 1803 1128 1880 membrum,
1147 1811 1193 1866 tot
1212 1805 1295 1866 bonis
1372 1833 1376 1840 ·

154 1877 788 2038 ffltlttttilmttl‘tfflt?
795 1881 1296 2042 ,iiiiiibbffiliemiieiiss
1373 2001 1377 2006 .

156 2057 204 2101 sas
224 2037 307 2112 dicit,
331 2037 402 2098 nihil
420 2039 504 2098 aliud
528 2038 644 2098 inerunt
667 2055 754 2116 quum
779 2039 910 2099 liberatio
934 2039 1050 2120 populi,
1073 2041 1166 2102 donoc
1189 2049 1296 2103 maram

154 2117 328 2200 promissam
347 2117 491 2194 ingressus
510 2119 562 2174 est.
600 2114 699 2195 Atque
717 2114 774 2174 hoc
793 2122 930 2194 unquam
954 2119 1064 2198 insigne
1083 2135 1152 2197 prae
1171 2118 1233 2178 aliis
1251 2119 1295 2178 in·

156 2197 250 2257 stitiae
273 2201 303 2252 et
327 2193 423 2252 iudicii
448 2194 653 2256 documentum
678 2192 776 2270 elegit,
800 2211 860 2272 qno
884 2192 1018 2273 preberet
1037 2193 1132 2256 Deum
1152 2197 1295 2278 opprmsis

89 2282 93 2299 “
156 2277 265 2336 iustum
283 2273 481 2332 auxiliatorem
501 2291 615 2352 semper
633 2289 704 2332 ease.
733 2270 792 2330 Sed
812 2271 880 2350 quis
899 2271 956 2332 heo
974 2292 1011 2332 ex
1021 2277 1207 2368 promissione
1226 2295 1296 2356 pen·

158 2353 252 2426 debat,
271 2371 330 2413 non
349 2341 467 2412 dnbiun'r
492 2357 537 2411 eat
561 2352 630 2432 quin
654 2349 729 2410 hane
753 2351 907 2432 praecipue
931 2352 1078 2431 respicratr
1101 2355 1161 2414 acsi
1179 2354 1310 2432 diceret,¹

158 2431 215 2494 Dei
239 2431 375 2492 iustitiam
400 2431 491 2492 electo
515 2431 623 2513 populo
647 2448 734 2508 quem
758 2429 953 2510 adoptaverat,
980 2438 1095 2494 etcum
1115 2425 1174 2513 qno
1194 2433 1295 2494 foedus

156 2512 314 2596 pepigerat,
334 2511 410 2571 clare
429 2509 516 2570 ltriese
536 2509 685 2591 probatam
704 2514 734 2569 et
753 2515 944 2590 conspectam.
978 2507 1093 2572 Dicitur
1110 2519 1207 2572 autem
1220 2511 1295 2574 diesi

156 2594 297 2674 primum,
343 2592 372 2650 ui
395 2590 524 2662 minister
547 2596 575 2648 et
600 2590 791 2650 inlamentius
810 2595 885 2664 erut,
909 2589 1011 2650 deinde
1030 2589 1084 2650 toti
1124 2592 1212 2671 epulo
1231 2591 1294 2654 vias

156 2689 225 2732 snas
249 2611 450 2730 manibetaesc.
490 2667 620 2728 lndnitur
642 2669 718 2730 enim
742 2667 837 2728 lllosea
861 2669 923 2749 ipse
946 2687 1068 2750 perenm
1108 2672 1222 2734 rvinitus
1240 2673 1293 2734 im·

156 2752 264 2834 positar
285 2751 351 2830 qnia
372 2747 464 2808 voluit
483 2746 563 2808 Dens
584 2765 636 2828 per
655 2750 716 2808 eins
735 2767 851 2808 monum
872 2743 1028 2830 elopemm
1046 2749 1222 2810 innotescere
1263 2737 1295 2810 a!

155 2830 238 2914 pulo.
284 2832 359 2889 Viae
378 2845 447 2908 ergo
467 2834 496 2888 et
504 2829 610 2912 secto·
622 2825 678 2886 Dei
702 2835 782 2902 snut,
808 2827 887 2908 qnod
906 2831 1032 2889 surrexit
1050 2847 1119 2888 cnm
1136 2771 1294 2909 pdmirabili

156 2909 285 2992 potentia
305 2915 338 2968 nt
358 2909 497 2989 populum
507 2907 667 2981 redimeret,
686 2907 766 2986 quod
785 2926 852 2966 eum
871 2907 1001 2969 traduxit
1013 2907 1152 2989 perblsre
1165 2907 1294 2982 rubrum,

157 2989 237 3072 qnod
257 2988 353 3048 multis
372 2989 459 3067 signis
478 2993 507 3046 et
525 2987 677 3046 virtutibus
696 2993 816 3046 testatus
836 2995 880 3046 est
899 2990 1086 3068 praesentiam
1104 3007 1194 3049 snam.
1233 2987 1293 3055 Sed

199 3070 226 3128 ia
245 3067 301 3128 lroc
320 3073 414 3127 totum
438 3064 573 3128 manabat
592 3085 628 3126 ex
649 3067 772 3146 gratuito
795 3064 919 3142 loedere,
945 3087 976 3128 se
996 3074 1024 3129 et
1043 3068 1113 3128 alios
1133 3068 1169 3128 ad
1188 3069 1294 3148 gratias

156 3087 223 3208 geo
248 3146 370 3228 agendae
394 3147 525 3206 hortatur
544 3144 649 3217 David,
674 3145 752 3226 qnod
776 3145 857 3206 electi
876 3146 981 3207 inerint
999 3149 1030 3206 in
1049 3145 1222 3228 peculiarem
1239 3167 1295 3228 po·

157 3227 271 3310 pulum,
291 3235 320 3286 ct
338 3245 390 3307 pcr
403 3225 488 3306 Legis
508 3225 665 3285 doctrinam
684 3225 812 3287 illuxerit
830 3243 930 3285 comm
949 3225 1104 3286 mentibus:
1124 3228 1191 3306 qnia
1211 3227 1295 3290 sicuti

157 3303 230 3368 nibil
249 3307 364 3366 bomine
383 3306 512 3366 adoerius
537 3311 581 3366 est
605 3303 713 3385 absque
732 3301 788 3362 Dei
808 3305 917 3379 notitia,
939 3306 980 3364 ita
1001 3305 1047 3364 hic
1065 3305 1307 3384 incomparabilis·

156 3387 260 3468 plenae
278 3387 482 3474 felicitatisxeet
500 3383 660 3460 maurus,
681 3383 759 3465 qnod
770 3382 851 3444 Dens
870 3383 1045 3444 adnosoum
1058 3385 1169 3466 paterni
1188 3385 1294 3446 auroris

156 3467 319 3528 testimonio
338 3465 490 3526 descendit.

239 3549 267 3609 8.
288 3549 467 3607 Mica-icore
485 3549 513 3605 et
532 3545 663 3604 clemens.
692 3541 816 3602 Videtur
834 3541 959 3603 allodem
979 3539 1073 3602 David
1090 3541 1126 3602 ad
1137 3539 1224 3602 blesis
1243 3547 1293 3604 eir·-

157 3624 366 3702 clamationem,
391 3627 465 3705 quae
488 3624 593 3704 legitur
612 3619 705 3686 Exodi
724 3624 774 3696 34,
794 3625 824 3684 6.
849 3621 897 3681 ubi
916 3641 970 3703 pro
990 3623 1092 3702 insigni
1111 3623 1293 3684 revelationis

155 3705 245 3765 modo
268 3705 372 3766 clarino
396 3723 483 3785 quam
506 3702 575 3764 alibi
597 3701 765 3762 describitur
784 3701 839 3760 Dei
864 3708 976 3762 natura.
1016 3700 1090 3762 Nam
1110 3721 1199 3784 qnam
1218 3701 1294 3762 blosi

156 3801 324 3846 eudemum
343 3784 419 3845 foret
438 3785 681 3867 propiuscemere
690 3781 747 3841 Dei
766 3782 896 3862 gloriam,
916 3779 1043 3844 exhibito
1056 3784 1197 3842 eiuseons
1218 3789 1294 3856 ectu,

107 3913 114 3928 ·
155 3865 302 4004 ulte
321 3861 627 4004 ttretmtt
646 3801 1294 4022 ttum‘tlltztuttetoble

288 3983 299 4014 ,
589 3985 596 4001 .

155 4025 194 4084 sit
213 4022 292 4102 qnod
317 4022 353 4084 de
372 4024 436 4103 ipae
455 4019 521 4082 Deo
542 4017 628 4080 bobis
652 4039 688 4082 co
708 4021 771 4080 nitu
789 4020 860 4082 utile
885 4028 943 4096 est,
967 4021 1123 4103 prudenter
1141 4017 1237 4078 David
1256 4017 1294 4078 ad
1376 4021 1380 4038 '

154 4109 335 4184 praesentem
355 4120 441 4162 nsum
460 4099 656 4162 accommodat
679 4041 771 4180 effugia
796 4100 853 4160 illa.
892 4099 968 4162 Nam
993 4101 1053 4160 eius
1079 4098 1231 4159 consilium
1250 4101 1294 4161 est

154 4199 253 4250 merae
271 4179 327 4243 Dei
351 4181 471 4242 bonitati
495 4178 635 4254 tribuere,
655 4181 734 4260 qnod
760 4180 899 4261 populus,
925 4179 1053 4261 quisuis
1072 4178 1148 4238 vitiis
1167 4196 1185 4236 a
1205 4176 1295 4257 gratis

153 4261 318 4342 adoptionis
337 4259 457 4321 subinde
475 4258 628 4334 excideret,
647 4259 766 4340 madum
787 4265 882 4319 tamen
902 4277 986 4319 snum
1006 4259 1117 4319 retinet.
1146 4255 1294 4318 ‘Ceterum
1381 4331 1385 4343 Δ
1428 4287 1431 4296 ,

152 4340 183 4401 in
203 4353 308 4484 gepppe
327 4338 551 4481 piplelpplppndum
571 4343 623 4412 est,
642 4337 808 4481 verpanDci
824 4335 1135 4478 nppppiauppempcrd
1155 4335 1292 4476 fldfimss

151 4437 219 4481 sum
282 4439 339 4482 errr
466 4435 699 4502 :qutaneneu
742 4435 845 4480 rnoeo
916 4435 1067 4558 svm
1121 4435 1294 4497 mvcsgan,
