2890 4886
101 2538 105 2551 ,
184 2493 338 2553 fatebantur
357 2511 388 2550 se
409 2491 527 2551 deorum
548 2487 685 2551 beneficio
710 2510 748 2550 ex
767 2509 824 2552 nau

183 301 237 354 252
592 255 627 336 ¹r.
656 299 673 335 e
689 299 706 336 ι
723 267 772 354 ιζν
787 297 829 366 ιιι
847 297 897 335 ua

185 424 214 482 in
233 422 305 481 loeis
324 420 450 494 durau,
469 437 554 501 saepe
573 419 640 499 qnia
660 416 816 499 hospitium
830 437 889 479 noa
907 418 1066 490 turmioni,
1084 416 1161 478 lame
1179 425 1208 480 et
1227 417 1328 480 tumis

116 499 131 521 ⁸
184 503 288 582 premi:
317 506 346 560 et
367 519 525 580 quomens
545 518 611 580 spes
631 498 741 572 deficit,
770 499 894 558 clamare
917 498 955 559 ad
974 497 1079 558 Deum.
1119 497 1238 558 Certum
1257 501 1327 578 qui-

124 649 130 659 Ι
184 585 252 640 dem
270 586 322 650 est,
343 577 437 638 Duum
459 578 556 638 multis
576 577 769 638 laborantibus
789 577 968 659 opemlerre,
989 578 1120 659 quamvis
1134 577 1247 639 adeum
1268 597 1326 638 sua

184 667 252 721 rota
272 677 331 718 non
350 639 479 738 dirigant.
507 653 580 717 “Neo
599 675 668 716 vero
679 655 840 736 Prophetae
858 663 916 718 lam
931 657 986 716 luit
1004 653 1327 738 propositum'laodare

184 743 298 822 piarum
318 738 412 810 iidem,
433 738 481 820 qni
501 757 539 798 ex
558 739 654 798 animo
671 736 765 797 Deum
785 744 936 817 quaerunt,
956 754 1044 817 quam
1063 737 1223 800 describere
1241 756 1326 796 eom·

184 837 299 880 munem
319 825 436 878 naturae
456 818 598 878 allectum.
636 814 710 876 Nam
734 817 787 876 etsi
806 817 963 879 multorum
983 836 1049 898 spes
1068 817 1098 876 in
1119 814 1184 878 Deo
1203 817 1327 876 minime

118 953 121 965 ,
184 899 344 974 debuissit,
364 897 412 958 ubl
431 904 525 958 tamen
546 903 628 978 urget
648 897 739 956 maior
757 895 852 976 aliqua
867 895 1027 970 necessitas,
1047 915 1153 956 armno
1174 895 1263 956 ductu
1283 895 1324 954 ad

184 977 281 1039 Deum
305 977 463 1038 trahuntur.
505 977 601 1057 Atque
627 975 682 1036 boe
705 975 792 1035 modo
818 975 1024 1036 consessionem
1047 976 1104 1034 illis
1124 973 1205 1036 Dens
1224 981 1325 1036 extor-

185 1065 263 1140 quet,
287 1079 344 1118 non
371 1057 483 1118 aliunde
529 1075 593 1116 nam
618 1055 663 1116 ab.
675 1075 734 1116 nno
759 1055 822 1134 ipso
842 1055 963 1116 salutem
982 1055 1135 1135 petendam
1154 1074 1230 1120 asae:
1259 1057 1325 1124 imo

184 1140 296 1219 impios,
315 1140 366 1218 qui
386 1136 480 1196 Deum
501 1077 608 1216 {ibisqui
626 1135 656 1196 in
682 1134 789 1198 deliciis
809 1141 837 1194 et
856 1137 953 1216 quiete
978 1134 1162 1212 subsannant,
1182 1134 1264 1196 Deus
1284 1135 1325 1194 ad

183 1219 306 1278 nominis
326 1218 369 1276 sui
388 1217 597 1277 invocationem
621 1213 751 1278 nolentes
776 1215 859 1294 cogit.
901 1212 968 1274 Fuit
987 1213 1043 1274 hnc
1063 1214 1238 1276 ordinarium
1257 1235 1325 1274 om·

182 1297 266 1358 nibus
290 1297 405 1372 seculis,
435 1302 467 1357 ut
491 1295 603 1376 prolani
627 1293 772 1369 homines,
804 1293 907 1373 quihus
931 1293 1029 1375 religio
1054 1315 1108 1375 pro
1138 1291 1235 1355 fabola
1264 1300 1322 1362 est,

184 1379 352 1452 necomitate
376 1377 467 1436 osaetl
490 1375 526 1435 ad
552 1373 647 1436 Deum
672 1375 835 1450 clamarent.
874 1375 921 1434 Διι
947 1374 977 1434 id
1001 1392 1054 1453 per
1076 1375 1173 1436 ionum
1191 1373 1325 1434 indunt?

182 1461 241 1517 imo
265 1475 369 1516 arcano
394 1462 511 1516 naturae
534 1456 669 1516 instinctu
692 1453 823 1516 feruntur
846 1451 883 1514 ad
908 1451 1108 1515 celebrandum
1128 1453 1186 1516 Dei
1203 1470 1324 1528 nomen,

183 1537 263 1618 quod
309 1537 366 1595 rius
390 1535 511 1595 ludibrio
535 1534 700 1596 habuerant.
746 1531 835 1612 Quod
859 1553 928 1614 ergo
953 1538 986 1592 ut
1010 1533 1165 1614 plurimum
1190 1533 1324 1594 neddere

184 1618 267 1690 solet,
287 1557 431 1696 hropheta
451 1615 638 1674 meoiudicio
662 1613 709 1673 hio
728 1618 838 1672 narrat:
859 1611 991 1686 homines
1015 1613 1146 1692 quamvis
1165 1612 1272 1710 pietate
1291 1617 1330 1672 ef

102 1717 106 1725 ¹
184 1696 241 1757 llds
260 1713 376 1768 munos,
395 1702 424 1754 et
445 1697 494 1774 qul
514 1699 645 1775 optarant
664 1690 735 1752 nihil
754 1691 807 1752 sibi
825 1711 888 1752 esse
908 1711 974 1752 cum
994 1690 1059 1753 Deo
1078 1695 1193 1774 negotii,
1213 1693 1238 1752 sl
1258 1710 1324 1774 gra·

184 1776 257 1836 riori
276 1778 306 1833 in
326 1775 488 1834 discrimine
506 1775 663 1843 versantur,
683 1773 767 1833 etiam
788 1774 848 1832 sine
868 1779 945 1834 oerta
965 1772 1156 1847 meditatione,
1175 1769 1323 1833 adDenm

148 1845 155 1856 '
184 1854 378 1916 insonandum
399 1859 498 1913 natura
518 1853 591 1914 duas
609 1855 782 1933 etmngistra
801 1853 917 1932 impelli.
948 1850 1050 1932 Quum
1068 1860 1166 1914 autem
1184 1855 1216 1914 in
1235 1851 1324 1912 rebus

156 1977 162 1990 .
186 1933 285 1994 dubiis‘
298 1933 344 1994 vel
363 1931 516 2014 deploratis
535 1933 575 1992 its
595 1930 737 1992 adDeum
758 1932 932 2014 confugiant,
952 1951 1052 1992 eorum
1062 1933 1220 1993 socordiam
1234 1931 1323 2012 plane

98 2071 103 2078 .
185 2015 278 2094 arguit
297 2012 367 2074 haee
386 2013 540 2085 confessio,
563 2011 641 2092 quod
666 2011 750 2072 rebus
775 2011 934 2108 tranquillis
955 1995 1051 2072 Deum
1074 2012 1231 2092 negligant,
1252 2012 1321 2150 qpia

184 2096 262 2175 ipsos
281 2093 401 2154 inebriat
420 2112 470 2153 sus
490 2093 678 2174 prosperltssr
697 2098 725 2152 et
740 2109 871 2170 quamvrs
885 2092 1001 2152 insitum
1021 2093 1059 2152 sit
1076 2091 1266 2152 eornmoordl
1287 2111 1322 2150 na

151 2197 157 2208 ·
184 2173 327 2254 religionis
351 2191 462 2247 semen,
485 2193 544 2232 nun
567 2191 632 2232 narn
657 2177 753 2232 tamen
777 2189 877 2252 sapere
900 2173 952 2232 nisi
977 2171 1059 2232 malis
1078 2178 1202 2247 coaetos,
1222 2189 1322 2251 sapam
1426 2171 1427 2186 ¹

185 2252 267 2394 dppp,
283 2259 315 2312 ut
338 2251 518 2348 mummolini
543 2193 666 2332 ibiquem
690 2269 753 2312 esse
776 2252 807 2311 in
838 2251 919 2312 eoelo
944 2249 1050 2311 Deum.
1090 2247 1151 2311 Neo
1173 2250 1322 2336 estquod

367 2351 380 2390 s

184 2340 465 2492 higlihlshhiiuiahulss
485 2430 502 2470 a
522 2411 727 2472 mercatoribus
746 2409 805 2492 illio
824 2413 931 2550 ppsitas
956 2417 1106 2492 spectaret,
1131 2409 1235 2491 quibua
1253 2429 1320 2493 pro·

868 2491 914 2571 gio
939 2497 1054 2572 ereptos
1078 2507 1151 2568 esse,
1174 2488 1252 2550 vinna
1276 2495 1323 2550 ssa

182 2573 274 2632 {seete
293 2578 323 2631 et
341 2572 412 2631 lslss
431 2571 570 2650 excipere.
612 2570 703 2650 Atqui
728 2587 786 2630 non
812 2578 998 2632 numerantur
1021 2589 1123 2630 aarum
1141 2575 1251 2631 mortes
1269 2570 1321 2650 qut

183 2651 321 2712 arthmersl
345 2657 421 2723 sunt,
451 2669 574 2730 quorum
598 2651 747 2710 innumera
771 2655 814 2710 eat
838 2649 931 2710 turha.
970 2647 1088 2710 Flotltiis
1116 2649 1201 2710 idolis
1225 2651 1322 2729 potnit

182 2731 232 2792 ille
255 2730 331 2790 l'orte
356 2730 397 2789 sio
421 2729 553 2788 illudere:
579 2729 629 2790 sed
655 2729 786 2809 quamvis
817 2729 952 2809 oentdplo
977 2729 1073 2810 plnres
1103 2735 1266 2810 mergantur
1287 2729 1320 2788 in

182 2811 382 2883 mediomari,
407 2829 492 2890 quana
518 2809 589 2868 salvi
614 2809 642 2868 in
668 2815 784 2888 portum
806 2809 945 2883 evadant,
969 2808 1026 2869 hoo
1045 2809 1165 2890 gloriam
1185 2807 1320 2870 houtatia

111 2913 117 2920 ·
183 2911 243 2952 non
262 2889 403 2964 obseurat,
423 2891 473 2969 qni
493 2889 535 2948 sie
554 2895 598 2948 est
616 2889 776 2949 misericors
796 2893 829 2948 ut
848 2890 1037 2950 simultamen
1056 2895 1189 2950 exemeri
1206 2907 1259 2948 sua
1277 2889 1319 2948 ia·

159 2967 265 3031 'diota
304 2967 410 3030 Sioda
429 2967 583 3028 viatoribus
602 2969 784 3047 perdeserta
804 2967 904 3048 palatia
924 2975 954 3028 et
975 2988 1010 3028 aa
1048 2969 1142 3030 uiibus
1157 2965 1319 3039 dicendum,

182 3051 209 3110 si
226 3047 454 3130 perenntmulti
479 3047 556 3107 lamo
578 3053 608 3107 et
627 3048 687 3120 siti,
712 3047 795 3108 molti
810 3053 993 3108 -soruntura
1026 3051 1090 3124 eris,
1110 3048 1194 3108 multi
1213 3047 1249 3107 1ιί
1286 3065 1320 3106 sn

46 3205 49 3212 Ι
182 3132 340 3190 intereunte
359 3147 462 3211 nempe
481 3127 600 3187 totidem
618 3125 714 3186 indicii
734 3129 778 3187 sul
798 3128 957 3208 spectacula
977 3129 1112 3209 proponit
1121 3127 1210 3188 Deus.
1263 3125 1320 3188 nde

183 3209 341 3290 colligimus
360 3209 435 3268 idem
456 3206 587 3268 omnihus
608 3207 722 3281 instare,
748 3209 802 3267 nisi
822 3207 907 3268 vellet
926 3206 1052 3288 aliquam
1076 3215 1186 3289 partam
1209 3207 1319 3287 generis

182 3289 300 3350 humani
319 3307 380 3348 esse
400 3290 521 3349 salvam:
547 3292 633 3368 atque
652 3287 692 3346 ita
711 3285 822 3346 medina
842 3287 928 3346 iudex
946 3286 1093 3348 testandae
1112 3286 1320 3348 misericordiae

182 3385 362 3436 nuaeeauss·
376 3367 513 3448 quosdam
535 3367 688 3440 servatis
707 3366 770 3426 aliis
789 3368 969 3428 severitatem
987 3380 1070 3427 naam
1090 3365 1221 3427 ostendit
1260 3363 1318 3456 hle·

182 3450 238 3509 rito
258 3450 354 3528 itaque
374 3443 485 3509 subiicit
504 3445 657 3527 Propheta,
678 3445 733 3507 Dei
752 3462 839 3506 manu
859 3445 955 3507 raduni
975 3463 1025 3507 eos
1044 3447 1074 3506 in
1095 3445 1181 3519 mam,
1199 3451 1317 3506 utoom·

103 3540 106 3554 '
182 3529 300 3588 modum
326 3527 482 3606 hospitium
505 3529 664 3587 inveniant:
694 3533 724 3586 et
748 3525 814 3586 ideo
837 3528 875 3586 ad
899 3526 1001 3606 gratias
1032 3527 1155 3608 agendas
1180 3525 1344 3601 hortatur.x

181 3606 220 3670 m
261 3627 298 3667 oo
318 3607 420 3668 melios
439 3605 589 3668 confirmet
607 3605 664 3666 Dei
683 3603 861 3681 heneficium,
881 3605 1089 3668 misericordias
1108 3602 1317 3686 ooniungltllei

181 3627 332 3761 miribilis,
351 3687 409 3745 aesi
429 3687 545 3758 dinotet,
564 3685 597 3746 ln
617 3684 671 3745 hae
690 3687 779 3766 gratia
793 3686 883 3765 magis
904 3685 1086 3767 oonaplonanr
1105 3703 1169 3746 esse
1182 3683 1238 3744 Dei
1257 3703 1317 3766 gra·

181 3769 265 3839 mm,
290 3783 377 3846 quam
402 3773 436 3826 ut
458 3766 548 3827 latere
574 3765 687 3826 debeat:
712 3772 742 3826 et
766 3765 835 3826 dam
859 3771 955 3826 tacent
979 3766 1029 3845 qni
1053 3767 1092 3826 ita
1109 3764 1223 3826 liberati
1242 3770 1317 3840 sunt,

202 3846 293 3908 erlido
313 3843 426 3906 silentio
446 3865 504 3906 non
524 3847 605 3906 aliter
624 3845 763 3905 suffocare
782 3842 839 3905 Dei
859 3845 1009 3918 miracula,
1029 3863 1116 3926 qnam
1136 3847 1161 3906 si
1180 3851 1318 3905 eoaentnr

181 3867 278 3987 inmun
298 3925 366 3986 solis
386 3923 504 4004 pedihus
525 3925 644 3985 calcare.
683 3921 762 4002 Quid
787 3926 864 3984 anim
883 3926 960 3986 aliud
979 3925 1140 4000 dioendnm‚
1160 3943 1251 4006 quum
1270 3941 1317 3984 na·
1359 3975 1363 3984 .

181 4013 263 4067 turae
283 4023 383 4066 sensus
403 4004 432 4068 ia
454 4005 614 4066 discrimine
633 4006 696 4085 ipso
717 4004 753 4063 ad
768 4002 865 4065 Deum
884 4023 937 4063 nos
956 4005 1057 4100 rapiat,
1076 4005 1126 4065 nbi
1145 4006 1239 4066 statim
1259 4006 1317 4064 eina

183 4086 390 4162 obliviscimur,
420 4085 484 4168 quis
509 4082 622 4166 negabit
646 4083 753 4145 malitis
778 4090 807 4145 et
831 4083 1033 4166 ingratltndme
1056 4091 1155 4146 nostra
1179 4087 1240 4146 aias
1260 4083 1316 4164 glo·

182 4165 254 4226 dam
273 4166 373 4227 obrui?
585 4230 604 4281 X

272 4295 323 4362 10.
348 4293 532 4374 Habitaates
557 4292 751 4362 intenebris
779 4304 812 4362 et
833 4293 943 4362 umbra
966 4295 1086 4376 mortis,
1114 4293 1249 4362 devincti
1271 4317 1318 4360 au·

182 4398 281 4490 gustis
304 4409 336 4466 et
359 4401 459 4472 lerror
504 4399 649 4486 11-Quia
671 4397 803 4470 rebelles
826 4401 952 4478 luemnt
974 4399 1078 4470 verbis
1100 4399 1173 4485 Dei,
1194 4409 1227 4469 et
1248 4421 1317 4470 sou

401 2332 457 2391 ism
477 2331 715 2393 dicteriumsillud
734 2347 851 2392 neumae
869 2332 983 2408 veteris,
1002 2348 1170 2412 numqaum
1180 2331 1321 2412 templum
1426 2378 1427 2399 ,
