<?xml version="1.0" encoding="UTF-8"?>
<!DOCTYPE html PUBLIC "-//W3C//DTD XHTML 1.0 Transitional//EN"
    "http://www.w3.org/TR/xhtml1/DTD/xhtml1-transitional.dtd">
<html xmlns="http://www.w3.org/1999/xhtml" xml:lang="en" lang="en">
 <head>
  <title>
</title>
<meta http-equiv="Content-Type" content="text/html;charset=utf-8" />
  <meta name='ocr-system' content='tesseract 3.04.00' />
  <meta name='ocr-capabilities' content='ocr_page ocr_carea ocr_par ocr_line ocrx_word'/>
</head>
<body>
  <div class='ocr_page' id='page_1' title='image "./ioanniscalvinii04tholgoog_0492.png"; bbox 0 0 2816 4880; ppageno 0'>
   <div class='ocr_carea' id='block_1_1' title="bbox 467 289 1197 348">
    <p class='ocr_par' dir='ltr' id='par_1_1' title="bbox 467 289 1197 348">
     <span class='ocr_line' id='line_1_1' title="bbox 467 289 1197 348; baseline -0.011 -14"><span class='ocrx_word' id='word_1_1' title='bbox 467 291 510 334; x_wconf 81' lang='lat' dir='ltr'>rs</span> <span class='ocrx_word' id='word_1_2' title='bbox 539 289 804 332; x_wconf 71' lang='lat' dir='ltr'>reuomente.</span> <span class='ocrx_word' id='word_1_3' title='bbox 878 313 880 324; x_wconf 48' lang='grc' dir='ltr'>ι</span> <span class='ocrx_word' id='word_1_4' title='bbox 1144 289 1197 348; x_wconf 72' lang='lat'>435</span> 
     </span>
    </p>
   </div>
   <div class='ocr_carea' id='block_1_2' title="bbox 27 409 1258 3266">
    <p class='ocr_par' dir='ltr' id='par_1_2' title="bbox 27 409 1258 3266">
     <span class='ocr_line' id='line_1_2' title="bbox 69 409 1196 498; baseline -0.002 -22"><span class='ocrx_word' id='word_1_5' title='bbox 69 417 163 479; x_wconf 77' lang='lat' dir='ltr'>eoiret</span> <span class='ocrx_word' id='word_1_6' title='bbox 182 413 322 498; x_wconf 83' lang='lat' dir='ltr'>sSpbitu</span> <span class='ocrx_word' id='word_1_7' title='bbox 341 413 571 480; x_wconf 80' lang='lat' dir='ltr'>mmmetudiuid</span> <span class='ocrx_word' id='word_1_8' title='bbox 582 411 736 494; x_wconf 79' lang='lat' dir='ltr'>protentam</span> <span class='ocrx_word' id='word_1_9' title='bbox 755 429 825 474; x_wconf 86' lang='lat' dir='ltr'>esee.</span> <span class='ocrx_word' id='word_1_10' title='bbox 845 409 922 491; x_wconf 85' lang='lat' dir='ltr'>Quia</span> <span class='ocrx_word' id='word_1_11' title='bbox 940 419 1034 476; x_wconf 85' lang='lat' dir='ltr'>tameo</span> <span class='ocrx_word' id='word_1_12' title='bbox 1053 413 1084 474; x_wconf 91' lang='lat' dir='ltr'>iu</span> <span class='ocrx_word' id='word_1_13' title='bbox 1103 413 1196 474; x_wconf 82' lang='lat' dir='ltr'>verbis</span> 
     </span>
     <span class='ocr_line' id='line_1_3' title="bbox 69 493 1195 575; baseline -0.002 -19"><span class='ocrx_word' id='word_1_14' title='bbox 69 497 175 559; x_wconf 87' lang='lat' dir='ltr'>subest</span> <span class='ocrx_word' id='word_1_15' title='bbox 193 497 288 574; x_wconf 81' lang='lat' dir='ltr'>aliqua</span> <span class='ocrx_word' id='word_1_16' title='bbox 306 493 483 575; x_wconf 71' lang='lat' dir='ltr'>ambiguim,</span> <span class='ocrx_word' id='word_1_17' title='bbox 506 494 658 554; x_wconf 84' lang='lat' dir='ltr'>videndum</span> <span class='ocrx_word' id='word_1_18' title='bbox 676 500 720 554; x_wconf 87' lang='lat' dir='ltr'>eet</span> <span class='ocrx_word' id='word_1_19' title='bbox 738 493 868 572; x_wconf 79' lang='lat' dir='ltr'>quisnmn</span> <span class='ocrx_word' id='word_1_20' title='bbox 887 511 984 554; x_wconf 65' lang='lat' dir='ltr'>ausus</span> <span class='ocrx_word' id='word_1_21' title='bbox 1003 495 1109 573; x_wconf 88' lang='lat' dir='ltr'>optime</span> <span class='ocrx_word' id='word_1_22' title='bbox 1129 513 1195 554; x_wconf 84' lang='lat' dir='ltr'>eou-</span> 
     </span>
     <span class='ocr_line' id='line_1_4' title="bbox 69 569 1195 654; baseline -0.004 -18"><span class='ocrx_word' id='word_1_23' title='bbox 69 576 181 636; x_wconf 83' lang='lat' dir='ltr'>veniat.</span> <span class='ocrx_word' id='word_1_24' title='bbox 206 573 316 636; x_wconf 86' lang='lat' dir='ltr'>Nomen</span> <span class='ocrx_word' id='word_1_25' title='bbox 336 577 420 642; x_wconf 71' lang='grc' dir='ltr'>ἹΌΠ</span> <span class='ocrx_word' id='word_1_26' title='bbox 440 573 589 634; x_wconf 79' lang='lat' dir='ltr'>mmmode</span> <span class='ocrx_word' id='word_1_27' title='bbox 608 571 711 634; x_wconf 81' lang='lat' dir='ltr'>resolvi</span> <span class='ocrx_word' id='word_1_28' title='bbox 730 569 827 654; x_wconf 81' lang='lat' dir='ltr'>posset</span> <span class='ocrx_word' id='word_1_29' title='bbox 845 573 875 633; x_wconf 92' lang='lat' dir='ltr'>in</span> <span class='ocrx_word' id='word_1_30' title='bbox 895 572 1057 634; x_wconf 71' lang='lat' dir='ltr'>adverbium</span> <span class='ocrx_word' id='word_1_31' title='bbox 1076 573 1195 634; x_wconf 85' lang='lat' dir='ltr'>elemen-</span> 
     </span>
     <span class='ocr_line' id='line_1_5' title="bbox 67 647 1197 733; baseline -0.003 -19"><span class='ocrx_word' id='word_1_32' title='bbox 67 660 131 714; x_wconf 83' lang='lat' dir='ltr'>ter:</span> <span class='ocrx_word' id='word_1_33' title='bbox 164 654 211 714; x_wconf 92' lang='lat' dir='ltr'>vel</span> <span class='ocrx_word' id='word_1_34' title='bbox 233 652 377 714; x_wconf 85' lang='lat' dir='ltr'>subeudiri</span> <span class='ocrx_word' id='word_1_35' title='bbox 400 654 562 733; x_wconf 85' lang='lat' dir='ltr'>prseposito</span> <span class='ocrx_word' id='word_1_36' title='bbox 580 650 642 712; x_wconf 78' lang='lat' dir='ltr'>IN:</span> <span class='ocrx_word' id='word_1_37' title='bbox 662 658 691 712; x_wconf 88' lang='lat' dir='ltr'>et</span> <span class='ocrx_word' id='word_1_38' title='bbox 714 647 743 712; x_wconf 83' lang='lat' dir='ltr'>iu</span> <span class='ocrx_word' id='word_1_39' title='bbox 768 651 841 712; x_wconf 87' lang='lat' dir='ltr'>bane</span> <span class='ocrx_word' id='word_1_40' title='bbox 863 653 1029 712; x_wconf 74' lang='lat' dir='ltr'>sentemim</span> <span class='ocrx_word' id='word_1_41' title='bbox 1053 651 1197 713; x_wconf 88' lang='lat' dir='ltr'>deseendit</span> 
     </span>
     <span class='ocr_line' id='line_1_6' title="bbox 66 729 1196 828; baseline -0.004 -34"><span class='ocrx_word' id='word_1_42' title='bbox 66 734 168 794; x_wconf 85' lang='lat' dir='ltr'>msioe</span> <span class='ocrx_word' id='word_1_43' title='bbox 186 749 253 813; x_wconf 81' lang='lat' dir='ltr'>pers</span> <span class='ocrx_word' id='word_1_44' title='bbox 271 733 467 828; x_wconf 77' lang='lat' dir='ltr'>interpretum,</span> <span class='ocrx_word' id='word_1_45' title='bbox 484 731 575 827; x_wconf 78' lang='lat' dir='ltr'>lostsr</span> <span class='ocrx_word' id='word_1_46' title='bbox 593 731 693 813; x_wconf 85' lang='lat' dir='ltr'>optimi</span> <span class='ocrx_word' id='word_1_47' title='bbox 713 733 848 826; x_wconf 72' lang='lat' dir='ltr'>unguenti</span> <span class='ocrx_word' id='word_1_48' title='bbox 858 729 962 791; x_wconf 81' lang='lat' dir='ltr'>Doridi</span> <span class='ocrx_word' id='word_1_49' title='bbox 974 731 1035 792; x_wconf 81' lang='lat' dir='ltr'>fore</span> <span class='ocrx_word' id='word_1_50' title='bbox 1048 732 1196 828; x_wconf 70' lang='lat' dir='ltr'>eupreetio·</span> 
     </span>
     <span class='ocr_line' id='line_1_7' title="bbox 66 807 1196 972; baseline -0.002 -20"><span class='ocrx_word' id='word_1_51' title='bbox 66 807 945 972; x_wconf 54' lang='lat' dir='ltr'>:ttttffifflttf&#39;ttdimittet?</span> <span class='ocrx_word' id='word_1_52' title='bbox 957 810 1196 965; x_wconf 59' lang='lat' dir='ltr'>:idatii</span> 
     </span>
     <span class='ocr_line' id='line_1_8' title="bbox 67 967 1258 1049; baseline -0.001 -18"><span class='ocrx_word' id='word_1_53' title='bbox 67 971 220 1032; x_wconf 82' lang='lat' dir='ltr'>Davidem</span> <span class='ocrx_word' id='word_1_54' title='bbox 238 989 297 1032; x_wconf 91' lang='lat' dir='ltr'>nou</span> <span class='ocrx_word' id='word_1_55' title='bbox 315 976 375 1030; x_wconf 82' lang='lat' dir='ltr'>tem</span> <span class='ocrx_word' id='word_1_56' title='bbox 392 970 432 1030; x_wconf 89' lang='lat' dir='ltr'>ed</span> <span class='ocrx_word' id='word_1_57' title='bbox 450 977 599 1032; x_wconf 64' lang='lat' dir='ltr'>murnum</span> <span class='ocrx_word' id='word_1_58' title='bbox 618 969 819 1048; x_wconf 78' lang='lat' dir='ltr'>obiurgatiouie</span> <span class='ocrx_word' id='word_1_59' title='bbox 838 967 955 1031; x_wconf 85' lang='lat' dir='ltr'>modum</span> <span class='ocrx_word' id='word_1_60' title='bbox 970 987 1057 1049; x_wconf 82' lang='lat' dir='ltr'>quous</span> <span class='ocrx_word' id='word_1_61' title='bbox 1072 970 1195 1031; x_wconf 84' lang='lat' dir='ltr'>admou-</span> <span class='ocrx_word' id='word_1_62' title='bbox 1254 1015 1258 1030; x_wconf 90' lang='lat'><strong>.</strong></span> 
     </span>
     <span class='ocr_line' id='line_1_9' title="bbox 67 1047 1197 1130; baseline -0.002 -20"><span class='ocrx_word' id='word_1_63' title='bbox 67 1051 253 1111; x_wconf 71' lang='lat' dir='ltr'>suetudinem</span> <span class='ocrx_word' id='word_1_64' title='bbox 272 1049 374 1110; x_wconf 81' lang='lat' dir='ltr'>sordis</span> <span class='ocrx_word' id='word_1_65' title='bbox 385 1051 531 1130; x_wconf 85' lang='lat' dir='ltr'>respieere.</span> <span class='ocrx_word' id='word_1_66' title='bbox 555 1047 617 1110; x_wconf 79' lang='lat' dir='ltr'>itui</span> <span class='ocrx_word' id='word_1_67' title='bbox 635 1049 711 1110; x_wconf 86' lang='lat' dir='ltr'>euim</span> <span class='ocrx_word' id='word_1_68' title='bbox 730 1049 832 1110; x_wconf 80' lang='lat' dir='ltr'>ueniter</span> <span class='ocrx_word' id='word_1_69' title='bbox 850 1047 1055 1108; x_wconf 79' lang='lat' dir='ltr'>excandescunt</span> <span class='ocrx_word' id='word_1_70' title='bbox 1073 1049 1148 1123; x_wconf 86' lang='lat' dir='ltr'>iusti,</span> <span class='ocrx_word' id='word_1_71' title='bbox 1167 1051 1197 1110; x_wconf 87' lang='lat' dir='ltr'>et</span> 
     </span>
     <span class='ocr_line' id='line_1_10' title="bbox 67 1127 1194 1213; baseline -0.003 -23"><span class='ocrx_word' id='word_1_72' title='bbox 67 1140 173 1190; x_wconf 74' lang='lat' dir='ltr'>sevete</span> <span class='ocrx_word' id='word_1_73' title='bbox 188 1127 283 1190; x_wconf 83' lang='lat' dir='ltr'>verb&#39;u</span> <span class='ocrx_word' id='word_1_74' title='bbox 301 1135 427 1190; x_wconf 76' lang='lat' dir='ltr'>ornatos</span> <span class='ocrx_word' id='word_1_75' title='bbox 446 1131 591 1213; x_wconf 70' lang='lat' dir='ltr'>uestigant,</span> <span class='ocrx_word' id='word_1_76' title='bbox 610 1147 668 1190; x_wconf 88' lang='lat' dir='ltr'>uon</span> <span class='ocrx_word' id='word_1_77' title='bbox 686 1134 783 1188; x_wconf 72' lang='lat' dir='ltr'>mosen</span> <span class='ocrx_word' id='word_1_78' title='bbox 801 1127 857 1188; x_wconf 83' lang='lat' dir='ltr'>elio</span> <span class='ocrx_word' id='word_1_79' title='bbox 876 1145 962 1207; x_wconf 77' lang='lat' dir='ltr'>quern</span> <span class='ocrx_word' id='word_1_80' title='bbox 982 1127 1100 1190; x_wconf 77' lang='lat' dir='ltr'>fraterni</span> <span class='ocrx_word' id='word_1_81' title='bbox 1119 1147 1194 1188; x_wconf 86' lang='lat' dir='ltr'>amo·</span> 
     </span>
     <span class='ocr_line' id='line_1_11' title="bbox 66 1207 1196 1290; baseline 0 -22"><span class='ocrx_word' id='word_1_82' title='bbox 66 1211 111 1268; x_wconf 80' lang='lat' dir='ltr'>ris</span> <span class='ocrx_word' id='word_1_83' title='bbox 135 1208 240 1270; x_wconf 82' lang='lat' dir='ltr'>affeetu</span> <span class='ocrx_word' id='word_1_84' title='bbox 263 1213 430 1282; x_wconf 86' lang='lat' dir='ltr'>moventur,</span> <span class='ocrx_word' id='word_1_85' title='bbox 457 1209 516 1270; x_wconf 88' lang='lat' dir='ltr'>imo</span> <span class='ocrx_word' id='word_1_86' title='bbox 540 1209 675 1289; x_wconf 85' lang='lat' dir='ltr'>esperitss</span> <span class='ocrx_word' id='word_1_87' title='bbox 697 1210 760 1288; x_wconf 81' lang='lat' dir='ltr'>ipso</span> <span class='ocrx_word' id='word_1_88' title='bbox 783 1225 851 1268; x_wconf 85' lang='lat' dir='ltr'>vere</span> <span class='ocrx_word' id='word_1_89' title='bbox 872 1225 910 1268; x_wconf 79' lang='lat' dir='ltr'>es</span> <span class='ocrx_word' id='word_1_90' title='bbox 934 1208 980 1290; x_wconf 89' lang='lat' dir='ltr'>pis</span> <span class='ocrx_word' id='word_1_91' title='bbox 1009 1207 1196 1270; x_wconf 85' lang='lat' dir='ltr'>sollieitudine</span> 
     </span>
     <span class='ocr_line' id='line_1_12' title="bbox 66 1285 1194 1368; baseline -0.002 -18"><span class='ocrx_word' id='word_1_92' title='bbox 66 1289 203 1366; x_wconf 68' lang='lat' dir='ltr'>emergit,</span> <span class='ocrx_word' id='word_1_93' title='bbox 223 1287 292 1350; x_wconf 89' lang='lat' dir='ltr'>dum</span> <span class='ocrx_word' id='word_1_94' title='bbox 311 1288 429 1350; x_wconf 80' lang='lat' dir='ltr'>fratrum</span> <span class='ocrx_word' id='word_1_95' title='bbox 448 1288 533 1350; x_wconf 83' lang='lat' dir='ltr'>satuti</span> <span class='ocrx_word' id='word_1_96' title='bbox 551 1293 690 1350; x_wconf 83' lang='lat' dir='ltr'>metuunt</span> <span class='ocrx_word' id='word_1_97' title='bbox 711 1285 874 1348; x_wconf 83' lang='lat' dir='ltr'>Clementer</span> <span class='ocrx_word' id='word_1_98' title='bbox 891 1305 961 1368; x_wconf 73' lang='lat' dir='ltr'>ergo</span> <span class='ocrx_word' id='word_1_99' title='bbox 980 1305 1012 1348; x_wconf 90' lang='lat' dir='ltr'>se</span> <span class='ocrx_word' id='word_1_100' title='bbox 1031 1294 1109 1368; x_wconf 64' lang='lat' dir='ltr'>geom</span> <span class='ocrx_word' id='word_1_101' title='bbox 1121 1305 1194 1348; x_wconf 86' lang='lat' dir='ltr'>sem·</span> 
     </span>
     <span class='ocr_line' id='line_1_13' title="bbox 65 1365 1239 1452; baseline -0.003 -23"><span class='ocrx_word' id='word_1_102' title='bbox 65 1387 124 1449; x_wconf 85' lang='lat' dir='ltr'>per</span> <span class='ocrx_word' id='word_1_103' title='bbox 142 1369 249 1442; x_wconf 88' lang='lat' dir='ltr'>iustus,</span> <span class='ocrx_word' id='word_1_104' title='bbox 278 1367 409 1447; x_wconf 82' lang='lat' dir='ltr'>quemvis</span> <span class='ocrx_word' id='word_1_105' title='bbox 427 1365 524 1429; x_wconf 84' lang='lat' dir='ltr'>durior</span> <span class='ocrx_word' id='word_1_106' title='bbox 541 1373 592 1430; x_wconf 87' lang='lat' dir='ltr'>sut</span> <span class='ocrx_word' id='word_1_107' title='bbox 611 1365 805 1430; x_wconf 79' lang='lat' dir='ltr'>vehementior</span> <span class='ocrx_word' id='word_1_108' title='bbox 823 1373 972 1446; x_wconf 75' lang='lat' dir='ltr'>appareat:</span> <span class='ocrx_word' id='word_1_109' title='bbox 1002 1367 1087 1428; x_wconf 91' lang='lat' dir='ltr'>sieuti</span> <span class='ocrx_word' id='word_1_110' title='bbox 1106 1366 1195 1426; x_wconf 83' lang='lat' dir='ltr'>mule·</span> <span class='ocrx_word' id='word_1_111' title='bbox 1230 1423 1239 1452; x_wconf 63' lang='grc'>,</span> 
     </span>
     <span class='ocr_line' id='line_1_14' title="bbox 65 1444 1195 1528; baseline -0.001 -24"><span class='ocrx_word' id='word_1_112' title='bbox 65 1447 145 1520; x_wconf 86' lang='lat' dir='ltr'>voli,</span> <span class='ocrx_word' id='word_1_113' title='bbox 175 1449 306 1527; x_wconf 82' lang='lat' dir='ltr'>quemvis</span> <span class='ocrx_word' id='word_1_114' title='bbox 329 1447 428 1507; x_wconf 82' lang='lat' dir='ltr'>ieviter</span> <span class='ocrx_word' id='word_1_115' title='bbox 450 1453 562 1508; x_wconf 81' lang='lat' dir='ltr'>tantum</span> <span class='ocrx_word' id='word_1_116' title='bbox 584 1447 787 1528; x_wconf 75' lang='lat' dir='ltr'>perstriugsut,</span> <span class='ocrx_word' id='word_1_117' title='bbox 817 1452 884 1508; x_wconf 91' lang='lat' dir='ltr'>suut</span> <span class='ocrx_word' id='word_1_118' title='bbox 915 1453 1012 1508; x_wconf 88' lang='lat' dir='ltr'>tameo</span> <span class='ocrx_word' id='word_1_119' title='bbox 1040 1444 1195 1506; x_wconf 88' lang='lat' dir='ltr'>iubumsni.</span> 
     </span>
     <span class='ocr_line' id='line_1_15' title="bbox 64 1523 1195 1608; baseline -0.002 -22"><span class='ocrx_word' id='word_1_120' title='bbox 64 1525 206 1608; x_wconf 86' lang='lat' dir='ltr'>Denique</span> <span class='ocrx_word' id='word_1_121' title='bbox 229 1526 283 1588; x_wconf 85' lang='lat' dir='ltr'>boo</span> <span class='ocrx_word' id='word_1_122' title='bbox 305 1532 375 1588; x_wconf 84' lang='lat' dir='ltr'>note</span> <span class='ocrx_word' id='word_1_123' title='bbox 393 1523 488 1587; x_wconf 83' lang='lat' dir='ltr'>David</span> <span class='ocrx_word' id='word_1_124' title='bbox 514 1525 723 1607; x_wconf 74' lang='lat' dir='ltr'>obiurgationes</span> <span class='ocrx_word' id='word_1_125' title='bbox 746 1544 763 1586; x_wconf 90' lang='lat' dir='ltr'>e</span> <span class='ocrx_word' id='word_1_126' title='bbox 787 1525 897 1588; x_wconf 87' lang='lat' dir='ltr'>sineere</span> <span class='ocrx_word' id='word_1_127' title='bbox 925 1544 1023 1586; x_wconf 77' lang='lat' dir='ltr'>sonore</span> <span class='ocrx_word' id='word_1_128' title='bbox 1052 1525 1195 1606; x_wconf 81' lang='lat' dir='ltr'>proiectus</span> 
     </span>
     <span class='ocr_line' id='line_1_16' title="bbox 27 1603 1195 1686; baseline -0.007 -16"><span class='ocrx_word' id='word_1_129' title='bbox 27 1639 28 1670; x_wconf 74' lang='lat' dir='ltr'>i</span> <span class='ocrx_word' id='word_1_130' title='bbox 65 1605 362 1668; x_wconf 72' lang='lat' dir='ltr'>dieemmmvoluits</span> <span class='ocrx_word' id='word_1_131' title='bbox 380 1607 510 1668; x_wconf 88' lang='lat' dir='ltr'>eonvitiis</span> <span class='ocrx_word' id='word_1_132' title='bbox 529 1624 604 1685; x_wconf 82' lang='lat' dir='ltr'>quse</span> <span class='ocrx_word' id='word_1_133' title='bbox 622 1625 661 1668; x_wconf 80' lang='lat' dir='ltr'>ex</span> <span class='ocrx_word' id='word_1_134' title='bbox 680 1605 747 1668; x_wconf 86' lang='lat' dir='ltr'>odio</span> <span class='ocrx_word' id='word_1_135' title='bbox 760 1603 806 1665; x_wconf 89' lang='lat' dir='ltr'>vel</span> <span class='ocrx_word' id='word_1_136' title='bbox 824 1605 976 1666; x_wconf 76' lang='lat' dir='ltr'>iuimicitiis</span> <span class='ocrx_word' id='word_1_137' title='bbox 994 1608 1195 1686; x_wconf 80' lang='lat' dir='ltr'>prorumpunt,</span> 
     </span>
     <span class='ocr_line' id='line_1_17' title="bbox 27 1681 1194 1766; baseline -0.008 -16"><span class='ocrx_word' id='word_1_138' title='bbox 27 1719 28 1750; x_wconf 79' lang='lat' dir='ltr'>i</span> <span class='ocrx_word' id='word_1_139' title='bbox 66 1687 146 1748; x_wconf 88' lang='lat' dir='ltr'>sieut</span> <span class='ocrx_word' id='word_1_140' title='bbox 165 1685 232 1746; x_wconf 87' lang='lat' dir='ltr'>dieit</span> <span class='ocrx_word' id='word_1_141' title='bbox 250 1685 379 1762; x_wconf 79' lang='lat' dir='ltr'>Sutomo,</span> <span class='ocrx_word' id='word_1_142' title='bbox 399 1683 484 1748; x_wconf 77' lang='lat' dir='ltr'>Pron.</span> <span class='ocrx_word' id='word_1_143' title='bbox 506 1687 553 1762; x_wconf 89' lang='lat'>10,</span> <span class='ocrx_word' id='word_1_144' title='bbox 574 1689 621 1748; x_wconf 76' lang='lat'>12.</span> <span class='ocrx_word' id='word_1_145' title='bbox 650 1685 752 1766; x_wconf 80' lang='lat' dir='ltr'>Aeque</span> <span class='ocrx_word' id='word_1_146' title='bbox 771 1690 865 1746; x_wconf 77' lang='lat' dir='ltr'>tanuen</span> <span class='ocrx_word' id='word_1_147' title='bbox 884 1683 1006 1765; x_wconf 75' lang='lat' dir='ltr'>quadret</span> <span class='ocrx_word' id='word_1_148' title='bbox 1025 1681 1134 1745; x_wconf 74' lang='lat' dir='ltr'>diverm</span> <span class='ocrx_word' id='word_1_149' title='bbox 1152 1683 1194 1742; x_wconf 87' lang='lat' dir='ltr'>iu·</span> 
     </span>
     <span class='ocr_line' id='line_1_18' title="bbox 68 1751 1254 1924; baseline 0.002 -24"><span class='ocrx_word' id='word_1_150' title='bbox 68 1766 342 1924; x_wconf 66' lang='lat' dir='ltr'>tessere</span> <span class='ocrx_word' id='word_1_151' title='bbox 371 1763 828 1924; x_wconf 54' lang='lat' dir='ltr'>„statuissetis</span> <span class='ocrx_word' id='word_1_152' title='bbox 844 1763 1109 1904; x_wconf 67' lang='lat' dir='ltr'>testib</span> <span class='ocrx_word' id='word_1_153' title='bbox 1124 1761 1195 1921; x_wconf 71' lang='lat' dir='ltr'>td</span> <span class='ocrx_word' id='word_1_154' title='bbox 1240 1751 1254 1774; x_wconf 83' lang='grc'><strong><em>’</em></strong></span> 
     </span>
     <span class='ocr_line' id='line_1_19' title="bbox 27 1884 1194 2004; baseline 0.003 -24"><span class='ocrx_word' id='word_1_155' title='bbox 27 1959 28 1990; x_wconf 53' lang='grc' dir='ltr'>ι</span> <span class='ocrx_word' id='word_1_156' title='bbox 69 1923 178 1982; x_wconf 73' lang='lat' dir='ltr'>tionum</span> <span class='ocrx_word' id='word_1_157' title='bbox 203 1929 377 2001; x_wconf 72' lang='lat' dir='ltr'>unguentum</span> <span class='ocrx_word' id='word_1_158' title='bbox 402 1923 481 2000; x_wconf 82' lang='lat' dir='ltr'>quod</span> <span class='ocrx_word' id='word_1_159' title='bbox 505 1930 590 2004; x_wconf 86' lang='lat' dir='ltr'>eaput</span> <span class='ocrx_word' id='word_1_160' title='bbox 614 1942 709 1984; x_wconf 88' lang='lat' dir='ltr'>meum</span> <span class='ocrx_word' id='word_1_161' title='bbox 733 1935 792 1984; x_wconf 86' lang='lat' dir='ltr'>nou</span> <span class='ocrx_word' id='word_1_162' title='bbox 806 1884 911 1984; x_wconf 56' lang='lat' dir='ltr'>&#39;laedet</span> <span class='ocrx_word' id='word_1_163' title='bbox 951 1921 1016 1984; x_wconf 87' lang='lat' dir='ltr'>Hoe</span> <span class='ocrx_word' id='word_1_164' title='bbox 1034 1921 1194 1984; x_wconf 79' lang='lat' dir='ltr'>membrum</span> 
     </span>
     <span class='ocr_line' id='line_1_20' title="bbox 27 2000 1195 2082; baseline 0 -22"><span class='ocrx_word' id='word_1_165' title='bbox 27 2043 29 2074; x_wconf 84' lang='grc'>,</span> <span class='ocrx_word' id='word_1_166' title='bbox 71 2019 157 2062; x_wconf 87' lang='lat' dir='ltr'>eeoue</span> <span class='ocrx_word' id='word_1_167' title='bbox 176 2000 221 2062; x_wconf 84' lang='lat' dir='ltr'>alii</span> <span class='ocrx_word' id='word_1_168' title='bbox 240 2008 397 2082; x_wconf 82' lang='lat' dir='ltr'>exponunt,</span> <span class='ocrx_word' id='word_1_169' title='bbox 417 2000 521 2062; x_wconf 86' lang='lat' dir='ltr'>Oleum</span> <span class='ocrx_word' id='word_1_170' title='bbox 541 2001 639 2082; x_wconf 83' lang='lat' dir='ltr'>ospitis</span> <span class='ocrx_word' id='word_1_171' title='bbox 653 2021 695 2081; x_wconf 85' lang='lat' dir='ltr'>ne</span> <span class='ocrx_word' id='word_1_172' title='bbox 713 2000 823 2081; x_wconf 71' lang='lat' dir='ltr'>franget</span> <span class='ocrx_word' id='word_1_173' title='bbox 841 2007 927 2082; x_wconf 89' lang='lat' dir='ltr'>ooput</span> <span class='ocrx_word' id='word_1_174' title='bbox 946 2021 1054 2064; x_wconf 85' lang='lat' dir='ltr'>meum:</span> <span class='ocrx_word' id='word_1_175' title='bbox 1074 2001 1130 2061; x_wconf 89' lang='lat' dir='ltr'>boe</span> <span class='ocrx_word' id='word_1_176' title='bbox 1143 2007 1195 2076; x_wconf 87' lang='lat' dir='ltr'>est,</span> 
     </span>
     <span class='ocr_line' id='line_1_21' title="bbox 69 2079 1193 2162; baseline -0.002 -22"><span class='ocrx_word' id='word_1_177' title='bbox 69 2099 109 2140; x_wconf 88' lang='lat' dir='ltr'>ne</span> <span class='ocrx_word' id='word_1_178' title='bbox 127 2099 176 2140; x_wconf 89' lang='lat' dir='ltr'>me</span> <span class='ocrx_word' id='word_1_179' title='bbox 193 2079 252 2140; x_wconf 86' lang='lat' dir='ltr'>suis</span> <span class='ocrx_word' id='word_1_180' title='bbox 272 2080 412 2140; x_wconf 86' lang='lat' dir='ltr'>blanditiis</span> <span class='ocrx_word' id='word_1_181' title='bbox 431 2081 581 2142; x_wconf 82' lang='lat' dir='ltr'>exitialiter</span> <span class='ocrx_word' id='word_1_182' title='bbox 599 2080 778 2142; x_wconf 85' lang='lat' dir='ltr'>demuleesnt</span> <span class='ocrx_word' id='word_1_183' title='bbox 796 2081 883 2162; x_wconf 88' lang='lat' dir='ltr'>impii.</span> <span class='ocrx_word' id='word_1_184' title='bbox 923 2080 965 2140; x_wconf 87' lang='lat' dir='ltr'>lta</span> <span class='ocrx_word' id='word_1_185' title='bbox 989 2079 1043 2141; x_wconf 86' lang='lat' dir='ltr'>sub</span> <span class='ocrx_word' id='word_1_186' title='bbox 1061 2080 1123 2140; x_wconf 88' lang='lat' dir='ltr'>olei</span> <span class='ocrx_word' id='word_1_187' title='bbox 1142 2098 1193 2139; x_wconf 88' lang='lat' dir='ltr'>uo·</span> 
     </span>
     <span class='ocr_line' id='line_1_22' title="bbox 27 2158 1193 2240; baseline -0.002 -20"><span class='ocrx_word' id='word_1_188' title='bbox 27 2187 30 2206; x_wconf 81' lang='lat'>›</span> <span class='ocrx_word' id='word_1_189' title='bbox 69 2159 149 2220; x_wconf 89' lang='lat' dir='ltr'>mine</span> <span class='ocrx_word' id='word_1_190' title='bbox 177 2161 270 2220; x_wconf 86' lang='lat' dir='ltr'>notari</span> <span class='ocrx_word' id='word_1_191' title='bbox 294 2160 395 2222; x_wconf 89' lang='lat' dir='ltr'>volunt</span> <span class='ocrx_word' id='word_1_192' title='bbox 422 2159 568 2240; x_wconf 82' lang='lat' dir='ltr'>pestiierse</span> <span class='ocrx_word' id='word_1_193' title='bbox 596 2159 783 2235; x_wconf 70' lang='lat' dir='ltr'>adulationes,</span> <span class='ocrx_word' id='word_1_194' title='bbox 812 2158 915 2238; x_wconf 81' lang='lat' dir='ltr'>quibus</span> <span class='ocrx_word' id='word_1_195' title='bbox 943 2178 997 2220; x_wconf 87' lang='lat' dir='ltr'>uos</span> <span class='ocrx_word' id='word_1_196' title='bbox 1020 2159 1051 2220; x_wconf 88' lang='lat' dir='ltr'>iu</span> <span class='ocrx_word' id='word_1_197' title='bbox 1075 2160 1193 2220; x_wconf 79' lang='lat' dir='ltr'>esitium</span> 
     </span>
     <span class='ocr_line' id='line_1_23' title="bbox 27 2229 1194 2333; baseline 0 -35"><span class='ocrx_word' id='word_1_198' title='bbox 27 2229 29 2246; x_wconf 84' lang='lat'>&#39;</span> <span class='ocrx_word' id='word_1_199' title='bbox 68 2239 258 2333; x_wconf 74' lang='lat' dir='ltr'>praecipitent</span> <span class='ocrx_word' id='word_1_200' title='bbox 276 2238 412 2319; x_wconf 82' lang='lat' dir='ltr'>improbi,</span> <span class='ocrx_word' id='word_1_201' title='bbox 443 2239 511 2299; x_wconf 86' lang='lat' dir='ltr'>dnm</span> <span class='ocrx_word' id='word_1_202' title='bbox 530 2245 681 2319; x_wconf 79' lang='lat' dir='ltr'>prsetestu</span> <span class='ocrx_word' id='word_1_203' title='bbox 700 2237 854 2300; x_wconf 73' lang='lat' dir='ltr'>dulcedinis</span> <span class='ocrx_word' id='word_1_204' title='bbox 873 2257 926 2298; x_wconf 91' lang='lat' dir='ltr'>nos</span> <span class='ocrx_word' id='word_1_205' title='bbox 945 2239 1033 2320; x_wconf 74' lang='lat' dir='ltr'>magis</span> <span class='ocrx_word' id='word_1_206' title='bbox 1052 2257 1086 2300; x_wconf 82' lang='lat' dir='ltr'>ae</span> <span class='ocrx_word' id='word_1_207' title='bbox 1105 2237 1194 2316; x_wconf 77' lang='lat' dir='ltr'>magis</span> 
     </span>
     <span class='ocr_line' id='line_1_24' title="bbox 69 2315 1193 2456; baseline -0.003 -78"><span class='ocrx_word' id='word_1_208' title='bbox 69 2339 103 2378; x_wconf 88' lang='lat' dir='ltr'>m</span> <span class='ocrx_word' id='word_1_209' title='bbox 121 2318 291 2398; x_wconf 72' lang='lat' dir='ltr'>protendam</span> <span class='ocrx_word' id='word_1_210' title='bbox 310 2317 445 2397; x_wconf 86' lang='lat' dir='ltr'>abyssum</span> <span class='ocrx_word' id='word_1_211' title='bbox 465 2317 638 2398; x_wconf 77' lang='lat' dir='ltr'>demergunt</span> <span class='ocrx_word' id='word_1_212' title='bbox 673 2315 737 2380; x_wconf 85' lang='lat' dir='ltr'>Hoe</span> <span class='ocrx_word' id='word_1_213' title='bbox 755 2317 842 2380; x_wconf 88' lang='lat' dir='ltr'>modo</span> <span class='ocrx_word' id='word_1_214' title='bbox 862 2319 972 2456; x_wconf 87' lang='lat' dir='ltr'>plenior</span> <span class='ocrx_word' id='word_1_215' title='bbox 990 2325 1066 2379; x_wconf 85' lang='lat' dir='ltr'>esset</span> <span class='ocrx_word' id='word_1_216' title='bbox 1083 2324 1193 2376; x_wconf 87' lang='lat' dir='ltr'>seuten-</span> 
     </span>
     <span class='ocr_line' id='line_1_25' title="bbox 27 2395 861 2476; baseline -0.005 -16"><span class='ocrx_word' id='word_1_217' title='bbox 27 2457 28 2460; x_wconf 63' lang='lat'>,</span> <span class='ocrx_word' id='word_1_218' title='bbox 69 2398 119 2470; x_wconf 84' lang='lat' dir='ltr'>tis,</span> <span class='ocrx_word' id='word_1_219' title='bbox 139 2395 279 2458; x_wconf 74' lang='lat' dir='ltr'>Doridem</span> <span class='ocrx_word' id='word_1_220' title='bbox 296 2417 356 2458; x_wconf 87' lang='lat' dir='ltr'>nou</span> <span class='ocrx_word' id='word_1_221' title='bbox 376 2397 462 2458; x_wconf 91' lang='lat' dir='ltr'>modo</span> <span class='ocrx_word' id='word_1_222' title='bbox 481 2416 542 2458; x_wconf 84' lang='lat' dir='ltr'>esse</span> <span class='ocrx_word' id='word_1_223' title='bbox 561 2399 731 2476; x_wconf 79' lang='lat' dir='ltr'>morigerum</span> <span class='ocrx_word' id='word_1_224' title='bbox 750 2403 780 2458; x_wconf 88' lang='lat' dir='ltr'>et</span> <span class='ocrx_word' id='word_1_225' title='bbox 798 2397 861 2458; x_wconf 85' lang='lat' dir='ltr'>doci</span> 
     </span>
     <span class='ocr_line' id='line_1_26' title="bbox 27 2474 1193 2556; baseline 0 -20"><span class='ocrx_word' id='word_1_226' title='bbox 27 2537 28 2544; x_wconf 64' lang='grc'>,</span> <span class='ocrx_word' id='word_1_227' title='bbox 67 2474 256 2551; x_wconf 75' lang='lat' dir='ltr'>tentionibus,</span> <span class='ocrx_word' id='word_1_228' title='bbox 284 2477 335 2536; x_wconf 88' lang='lat' dir='ltr'>sed</span> <span class='ocrx_word' id='word_1_229' title='bbox 354 2478 439 2537; x_wconf 88' lang='lat' dir='ltr'>etiem</span> <span class='ocrx_word' id='word_1_230' title='bbox 457 2477 631 2536; x_wconf 83' lang='lat' dir='ltr'>adulationes</span> <span class='ocrx_word' id='word_1_231' title='bbox 650 2477 746 2556; x_wconf 78' lang='lat' dir='ltr'>fugere</span> <span class='ocrx_word' id='word_1_232' title='bbox 764 2497 824 2538; x_wconf 89' lang='lat' dir='ltr'>nou</span> <span class='ocrx_word' id='word_1_233' title='bbox 842 2496 923 2538; x_wconf 83' lang='lat' dir='ltr'>soene</span> <span class='ocrx_word' id='word_1_234' title='bbox 942 2495 976 2538; x_wconf 84' lang='lat' dir='ltr'>ae</span> <span class='ocrx_word' id='word_1_235' title='bbox 995 2478 1096 2537; x_wconf 77' lang='lat' dir='ltr'>noxios</span> <span class='ocrx_word' id='word_1_236' title='bbox 1116 2475 1193 2536; x_wconf 84' lang='lat' dir='ltr'>Sire-</span> 
     </span>
     <span class='ocr_line' id='line_1_27' title="bbox 27 2553 1193 2636; baseline -0.003 -18"><span class='ocrx_word' id='word_1_237' title='bbox 27 2617 28 2631; x_wconf 58' lang='grc'>,</span> <span class='ocrx_word' id='word_1_238' title='bbox 67 2574 141 2618; x_wconf 84' lang='grc' dir='ltr'>ιιιιιιι</span> <span class='ocrx_word' id='word_1_239' title='bbox 159 2562 268 2618; x_wconf 77' lang='lat' dir='ltr'>mutos.</span> <span class='ocrx_word' id='word_1_240' title='bbox 298 2553 337 2616; x_wconf 85' lang='lat' dir='ltr'>Et</span> <span class='ocrx_word' id='word_1_241' title='bbox 354 2563 432 2618; x_wconf 89' lang='lat' dir='ltr'>eerte</span> <span class='ocrx_word' id='word_1_242' title='bbox 450 2558 579 2636; x_wconf 82' lang='lat' dir='ltr'>quemvis</span> <span class='ocrx_word' id='word_1_243' title='bbox 598 2558 692 2636; x_wconf 91' lang='lat' dir='ltr'>primo</span> <span class='ocrx_word' id='word_1_244' title='bbox 710 2563 795 2636; x_wconf 75' lang='lat' dir='ltr'>gustu</span> <span class='ocrx_word' id='word_1_245' title='bbox 813 2574 901 2618; x_wconf 84' lang='lat' dir='ltr'>suave</span> <span class='ocrx_word' id='word_1_246' title='bbox 920 2558 958 2616; x_wconf 89' lang='lat' dir='ltr'>sit</span> <span class='ocrx_word' id='word_1_247' title='bbox 975 2555 1097 2629; x_wconf 81' lang='lat' dir='ltr'>laudari,</span> <span class='ocrx_word' id='word_1_248' title='bbox 1117 2556 1193 2634; x_wconf 54' lang='lat' dir='ltr'>quis*</span> 
     </span>
     <span class='ocr_line' id='line_1_28' title="bbox 27 2633 1194 2716; baseline -0.003 -20"><span class='ocrx_word' id='word_1_249' title='bbox 27 2639 28 2648; x_wconf 78' lang='grc'>’</span> <span class='ocrx_word' id='word_1_250' title='bbox 70 2635 135 2716; x_wconf 84' lang='lat' dir='ltr'>quis</span> <span class='ocrx_word' id='word_1_251' title='bbox 154 2641 250 2696; x_wconf 70' lang='lat' dir='ltr'>umen</span> <span class='ocrx_word' id='word_1_252' title='bbox 269 2653 352 2696; x_wconf 82' lang='lat' dir='ltr'>aures</span> <span class='ocrx_word' id='word_1_253' title='bbox 371 2635 606 2700; x_wconf 67' lang='lat' dir='ltr'>assentationibus</span> <span class='ocrx_word' id='word_1_254' title='bbox 625 2633 792 2715; x_wconf 71' lang='lat' dir='ltr'>praebuerit,</span> <span class='ocrx_word' id='word_1_255' title='bbox 811 2640 874 2696; x_wconf 85' lang='lat' dir='ltr'>toto</span> <span class='ocrx_word' id='word_1_256' title='bbox 888 2635 973 2696; x_wconf 83' lang='lat' dir='ltr'>eorde</span> <span class='ocrx_word' id='word_1_257' title='bbox 992 2652 1062 2696; x_wconf 80' lang='lat' dir='ltr'>mox</span> <span class='ocrx_word' id='word_1_258' title='bbox 1082 2633 1194 2695; x_wconf 85' lang='lat' dir='ltr'>hauriet</span> 
     </span>
     <span class='ocr_line' id='line_1_29' title="bbox 70 2713 1192 2797; baseline -0.002 -21"><span class='ocrx_word' id='word_1_259' title='bbox 70 2715 328 2797; x_wconf 71' lang='lat' dir='ltr'>praesentissimum</span> <span class='ocrx_word' id='word_1_260' title='bbox 348 2731 498 2774; x_wconf 86' lang='lat' dir='ltr'>venenum.</span> <span class='ocrx_word' id='word_1_261' title='bbox 539 2713 671 2774; x_wconf 82' lang='lat' dir='ltr'>Ceterum</span> <span class='ocrx_word' id='word_1_262' title='bbox 695 2713 836 2774; x_wconf 80' lang='lat' dir='ltr'>dismmm</span> <span class='ocrx_word' id='word_1_263' title='bbox 853 2713 986 2795; x_wconf 81' lang='lat' dir='ltr'>exemplo</span> <span class='ocrx_word' id='word_1_264' title='bbox 1007 2713 1124 2774; x_wconf 80' lang='lat' dir='ltr'>Doridis</span> <span class='ocrx_word' id='word_1_265' title='bbox 1144 2733 1192 2774; x_wconf 79' lang='lat' dir='ltr'>es·</span> 
     </span>
     <span class='ocr_line' id='line_1_30' title="bbox 72 2792 1194 2873; baseline -0.004 -17"><span class='ocrx_word' id='word_1_266' title='bbox 72 2801 169 2856; x_wconf 83' lang='lat' dir='ltr'>eutero</span> <span class='ocrx_word' id='word_1_267' title='bbox 187 2813 286 2856; x_wconf 87' lang='lat' dir='ltr'>omues</span> <span class='ocrx_word' id='word_1_268' title='bbox 306 2793 463 2868; x_wconf 84' lang='lat' dir='ltr'>blandities,</span> <span class='ocrx_word' id='word_1_269' title='bbox 482 2792 519 2854; x_wconf 87' lang='lat' dir='ltr'>ed</span> <span class='ocrx_word' id='word_1_270' title='bbox 538 2812 610 2873; x_wconf 84' lang='lat' dir='ltr'>quas</span> <span class='ocrx_word' id='word_1_271' title='bbox 629 2799 728 2856; x_wconf 80' lang='lat' dir='ltr'>uatum</span> <span class='ocrx_word' id='word_1_272' title='bbox 745 2813 845 2854; x_wconf 87' lang='lat' dir='ltr'>sumus</span> <span class='ocrx_word' id='word_1_273' title='bbox 864 2794 982 2854; x_wconf 89' lang='lat' dir='ltr'>nimium</span> <span class='ocrx_word' id='word_1_274' title='bbox 1003 2793 1144 2873; x_wconf 73' lang='lat' dir='ltr'>propensi,</span> <span class='ocrx_word' id='word_1_275' title='bbox 1165 2797 1194 2852; x_wconf 89' lang='lat' dir='ltr'>et</span> 
     </span>
     <span class='ocr_line' id='line_1_31' title="bbox 71 2872 1193 2955; baseline 0.001 -24"><span class='ocrx_word' id='word_1_276' title='bbox 71 2873 257 2955; x_wconf 82' lang='lat' dir='ltr'>pervieseism</span> <span class='ocrx_word' id='word_1_277' title='bbox 285 2891 403 2936; x_wconf 72' lang='lat' dir='ltr'>exueres</span> <span class='ocrx_word' id='word_1_278' title='bbox 432 2891 470 2934; x_wconf 87' lang='lat' dir='ltr'>ne</span> <span class='ocrx_word' id='word_1_279' title='bbox 495 2873 703 2952; x_wconf 73' lang='lat' dir='ltr'>castigationes,</span> <span class='ocrx_word' id='word_1_280' title='bbox 733 2890 807 2952; x_wconf 79' lang='lat' dir='ltr'>quse</span> <span class='ocrx_word' id='word_1_281' title='bbox 829 2872 1011 2934; x_wconf 76' lang='lat' dir='ltr'>saluberrima</span> <span class='ocrx_word' id='word_1_282' title='bbox 1031 2879 1097 2932; x_wconf 86' lang='lat' dir='ltr'>suut</span> <span class='ocrx_word' id='word_1_283' title='bbox 1116 2872 1193 2932; x_wconf 84' lang='lat' dir='ltr'>uitiis</span> 
     </span>
     <span class='ocr_line' id='line_1_32' title="bbox 72 2949 1193 3032; baseline -0.004 -20"><span class='ocrx_word' id='word_1_284' title='bbox 72 2953 176 3012; x_wconf 82' lang='lat' dir='ltr'>nostrie</span> <span class='ocrx_word' id='word_1_285' title='bbox 195 2951 327 3026; x_wconf 84' lang='lat' dir='ltr'>remedia,</span> <span class='ocrx_word' id='word_1_286' title='bbox 345 2970 520 3032; x_wconf 85' lang='lat' dir='ltr'>respuemus.</span> <span class='ocrx_word' id='word_1_287' title='bbox 540 2951 621 3012; x_wconf 82' lang='lat' dir='ltr'>Adeo</span> <span class='ocrx_word' id='word_1_288' title='bbox 640 2952 715 3012; x_wconf 90' lang='lat' dir='ltr'>euim</span> <span class='ocrx_word' id='word_1_289' title='bbox 733 2951 862 3020; x_wconf 78' lang='lat' dir='ltr'>soeordis</span> <span class='ocrx_word' id='word_1_290' title='bbox 881 2953 971 3031; x_wconf 74' lang='lat' dir='ltr'>perire</span> <span class='ocrx_word' id='word_1_291' title='bbox 990 2969 1121 3030; x_wconf 78' lang='lat' dir='ltr'>msgnsrn</span> <span class='ocrx_word' id='word_1_292' title='bbox 1141 2949 1193 3008; x_wconf 90' lang='lat' dir='ltr'>bo·</span> 
     </span>
     <span class='ocr_line' id='line_1_33' title="bbox 71 3029 1191 3112; baseline -0.002 -20"><span class='ocrx_word' id='word_1_293' title='bbox 71 3033 181 3092; x_wconf 89' lang='lat' dir='ltr'>minum</span> <span class='ocrx_word' id='word_1_294' title='bbox 200 3037 309 3112; x_wconf 85' lang='lat' dir='ltr'>partem</span> <span class='ocrx_word' id='word_1_295' title='bbox 326 3032 415 3102; x_wconf 88' lang='lat' dir='ltr'>iuvst,</span> <span class='ocrx_word' id='word_1_296' title='bbox 433 3038 468 3092; x_wconf 90' lang='lat' dir='ltr'>ut</span> <span class='ocrx_word' id='word_1_297' title='bbox 486 3030 536 3110; x_wconf 83' lang='lat' dir='ltr'>qui</span> <span class='ocrx_word' id='word_1_298' title='bbox 549 3029 726 3105; x_wconf 19' lang='lat' dir='ltr'>seffdamusm</span> <span class='ocrx_word' id='word_1_299' title='bbox 740 3031 860 3110; x_wconf 80' lang='lat' dir='ltr'>ungitur,</span> <span class='ocrx_word' id='word_1_300' title='bbox 880 3032 975 3112; x_wconf 81' lang='lat' dir='ltr'>cupiat</span> <span class='ocrx_word' id='word_1_301' title='bbox 988 3037 1084 3094; x_wconf 79' lang='lat' dir='ltr'>temen</span> <span class='ocrx_word' id='word_1_302' title='bbox 1092 3030 1191 3090; x_wconf 88' lang='lat' dir='ltr'>mundi</span> 
     </span>
     <span class='ocr_line' id='line_1_34' title="bbox 72 3107 1189 3191; baseline 0.001 -22"><span class='ocrx_word' id='word_1_303' title='bbox 72 3109 211 3190; x_wconf 66' lang='lat' dir='ltr'>suffrsgiia</span> <span class='ocrx_word' id='word_1_304' title='bbox 230 3107 345 3170; x_wconf 88' lang='lat' dir='ltr'>absolvi.</span> <span class='ocrx_word' id='word_1_305' title='bbox 384 3108 531 3187; x_wconf 79' lang='lat' dir='ltr'>Quorsum</span> <span class='ocrx_word' id='word_1_306' title='bbox 550 3108 618 3183; x_wconf 89' lang='lat' dir='ltr'>hoe,</span> <span class='ocrx_word' id='word_1_307' title='bbox 647 3110 701 3170; x_wconf 89' lang='lat' dir='ltr'>nisi</span> <span class='ocrx_word' id='word_1_308' title='bbox 720 3117 753 3170; x_wconf 90' lang='lat' dir='ltr'>ut</span> <span class='ocrx_word' id='word_1_309' title='bbox 771 3115 917 3191; x_wconf 81' lang='lat' dir='ltr'>torporem</span> <span class='ocrx_word' id='word_1_310' title='bbox 935 3109 1122 3172; x_wconf 75' lang='lat' dir='ltr'>eouseieutine</span> <span class='ocrx_word' id='word_1_311' title='bbox 1141 3109 1189 3170; x_wconf 89' lang='lat' dir='ltr'>ob·</span> 
     </span>
     <span class='ocr_line' id='line_1_35' title="bbox 72 3188 638 3266; baseline 0 -18"><span class='ocrx_word' id='word_1_312' title='bbox 72 3189 187 3262; x_wconf 87' lang='lat' dir='ltr'>doeens,</span> <span class='ocrx_word' id='word_1_313' title='bbox 206 3193 308 3266; x_wconf 80' lang='lat' dir='ltr'>sponte</span> <span class='ocrx_word' id='word_1_314' title='bbox 325 3207 356 3248; x_wconf 86' lang='lat' dir='ltr'>se</span> <span class='ocrx_word' id='word_1_315' title='bbox 374 3189 462 3250; x_wconf 83' lang='lat' dir='ltr'>exitio</span> <span class='ocrx_word' id='word_1_316' title='bbox 482 3188 638 3250; x_wconf 77' lang='lat' dir='ltr'>devoveat?</span> 
     </span>
    </p>
   </div>
   <div class='ocr_carea' id='block_1_3' title="bbox 872 2396 1190 2479">
    <p class='ocr_par' dir='ltr' id='par_1_3' title="bbox 872 2396 1190 2479">
     <span class='ocr_line' id='line_1_36' title="bbox 872 2396 1190 2479; baseline -0.016 -19"><span class='ocrx_word' id='word_1_317' title='bbox 872 2417 918 2460; x_wconf 82' lang='lat' dir='ltr'>em</span> <span class='ocrx_word' id='word_1_318' title='bbox 937 2396 1120 2479; x_wconf 82' lang='lat' dir='ltr'>suscipiendis</span> <span class='ocrx_word' id='word_1_319' title='bbox 1131 2415 1190 2456; x_wconf 84' lang='lat' dir='ltr'>eor·</span> 
     </span>
    </p>
   </div>
   <div class='ocr_carea' id='block_1_4' title="bbox 148 3263 1323 3348">
    <p class='ocr_par' dir='ltr' id='par_1_4' title="bbox 148 3263 1323 3348">
     <span class='ocr_line' id='line_1_37' title="bbox 148 3263 1323 3348; baseline -0.006 -18"><span class='ocrx_word' id='word_1_320' title='bbox 148 3267 179 3330; x_wconf 83' lang='lat'>5.</span> <span class='ocrx_word' id='word_1_321' title='bbox 210 3271 289 3342; x_wconf 65' lang='grc' dir='ltr'>Θυῖα</span> <span class='ocrx_word' id='word_1_322' title='bbox 307 3269 410 3330; x_wconf 75' lang='lat' dir='ltr'>eritne.</span> <span class='ocrx_word' id='word_1_323' title='bbox 449 3265 551 3330; x_wconf 85' lang='lat' dir='ltr'>Tribus</span> <span class='ocrx_word' id='word_1_324' title='bbox 568 3267 660 3328; x_wconf 87' lang='lat' dir='ltr'>modis</span> <span class='ocrx_word' id='word_1_325' title='bbox 679 3269 832 3348; x_wconf 80' lang='lat' dir='ltr'>exponitur</span> <span class='ocrx_word' id='word_1_326' title='bbox 850 3267 907 3330; x_wconf 85' lang='lat' dir='ltr'>boe</span> <span class='ocrx_word' id='word_1_327' title='bbox 925 3267 1099 3342; x_wconf 86' lang='lat' dir='ltr'>membrum,</span> <span class='ocrx_word' id='word_1_328' title='bbox 1118 3266 1191 3345; x_wconf 84' lang='lat' dir='ltr'>Qui·</span> <span class='ocrx_word' id='word_1_329' title='bbox 1265 3263 1270 3272; x_wconf 88' lang='grc'><em>’</em></span> <span class='ocrx_word' id='word_1_330' title='bbox 1319 3271 1323 3282; x_wconf 90' lang='grc'><em>“</em></span> 
     </span>
    </p>
   </div>
   <div class='ocr_carea' id='block_1_5' title="bbox 73 3345 1199 4464">
    <p class='ocr_par' dir='ltr' id='par_1_5' title="bbox 73 3345 1199 4278">
     <span class='ocr_line' id='line_1_38' title="bbox 75 3345 1190 3444; baseline -0.004 -36"><span class='ocrx_word' id='word_1_331' title='bbox 75 3348 139 3408; x_wconf 86' lang='lat' dir='ltr'>dom</span> <span class='ocrx_word' id='word_1_332' title='bbox 157 3364 272 3406; x_wconf 76' lang='lat' dir='ltr'>mosum</span> <span class='ocrx_word' id='word_1_333' title='bbox 290 3345 366 3406; x_wconf 87' lang='lat' dir='ltr'>hone</span> <span class='ocrx_word' id='word_1_334' title='bbox 384 3346 508 3422; x_wconf 82' lang='lat' dir='ltr'>eliciunt,</span> <span class='ocrx_word' id='word_1_335' title='bbox 528 3346 605 3426; x_wconf 88' lang='lat' dir='ltr'>Quia</span> <span class='ocrx_word' id='word_1_336' title='bbox 618 3345 689 3407; x_wconf 87' lang='lat' dir='ltr'>nibil</span> <span class='ocrx_word' id='word_1_337' title='bbox 707 3349 797 3428; x_wconf 79' lang='lat' dir='ltr'>magis</span> <span class='ocrx_word' id='word_1_338' title='bbox 816 3348 942 3444; x_wconf 81' lang='lat' dir='ltr'>proclive</span> <span class='ocrx_word' id='word_1_339' title='bbox 961 3353 1005 3410; x_wconf 87' lang='lat' dir='ltr'>est</span> <span class='ocrx_word' id='word_1_340' title='bbox 1024 3365 1110 3428; x_wconf 84' lang='lat' dir='ltr'>quam</span> <span class='ocrx_word' id='word_1_341' title='bbox 1130 3365 1190 3406; x_wconf 86' lang='lat' dir='ltr'>eor·</span> 
     </span>
     <span class='ocr_line' id='line_1_39' title="bbox 73 3423 1191 3586; baseline -0.002 -20"><span class='ocrx_word' id='word_1_342' title='bbox 73 3423 835 3584; x_wconf 53' lang='lat' dir='ltr'>bffleibflidifffldiiibffimoiifdiifffl</span> <span class='ocrx_word' id='word_1_343' title='bbox 854 3427 1191 3586; x_wconf 52' lang='lat' dir='ltr'>ttritttittdt?</span> 
     </span>
     <span class='ocr_line' id='line_1_40' title="bbox 75 3582 1190 3666; baseline -0.002 -22"><span class='ocrx_word' id='word_1_344' title='bbox 75 3583 179 3644; x_wconf 86' lang='lat' dir='ltr'>obinori</span> <span class='ocrx_word' id='word_1_345' title='bbox 197 3583 287 3658; x_wconf 90' lang='lat' dir='ltr'>videt,</span> <span class='ocrx_word' id='word_1_346' title='bbox 312 3591 406 3666; x_wconf 78' lang='lat' dir='ltr'>petem</span> <span class='ocrx_word' id='word_1_347' title='bbox 425 3604 442 3644; x_wconf 87' lang='lat' dir='ltr'>a</span> <span class='ocrx_word' id='word_1_348' title='bbox 461 3582 587 3647; x_wconf 87' lang='lat' dir='ltr'>Domino</span> <span class='ocrx_word' id='word_1_349' title='bbox 607 3592 640 3645; x_wconf 91' lang='lat' dir='ltr'>ut</span> <span class='ocrx_word' id='word_1_350' title='bbox 658 3585 694 3646; x_wconf 85' lang='lat' dir='ltr'>ab</span> <span class='ocrx_word' id='word_1_351' title='bbox 713 3602 814 3646; x_wconf 86' lang='lat' dir='ltr'>eorum</span> <span class='ocrx_word' id='word_1_352' title='bbox 833 3585 938 3646; x_wconf 83' lang='lat' dir='ltr'>mulitia</span> <span class='ocrx_word' id='word_1_353' title='bbox 958 3592 1035 3645; x_wconf 86' lang='lat' dir='ltr'>tutus</span> <span class='ocrx_word' id='word_1_354' title='bbox 1054 3591 1190 3645; x_wconf 84' lang='lat' dir='ltr'>servetur.</span> 
     </span>
     <span class='ocr_line' id='line_1_41' title="bbox 75 3661 1189 3746; baseline -0.001 -23"><span class='ocrx_word' id='word_1_355' title='bbox 75 3661 158 3723; x_wconf 73' lang='lat' dir='ltr'>&#39;reus</span> <span class='ocrx_word' id='word_1_356' title='bbox 177 3663 218 3724; x_wconf 80' lang='lat' dir='ltr'>sie</span> <span class='ocrx_word' id='word_1_357' title='bbox 241 3663 376 3738; x_wconf 70' lang='lat' dir='ltr'>reddunt,</span> <span class='ocrx_word' id='word_1_358' title='bbox 406 3663 529 3742; x_wconf 72' lang='lat' dir='ltr'>Quando</span> <span class='ocrx_word' id='word_1_359' title='bbox 548 3663 630 3725; x_wconf 87' lang='lat' dir='ltr'>video</span> <span class='ocrx_word' id='word_1_360' title='bbox 653 3683 716 3726; x_wconf 84' lang='lat' dir='ltr'>esse</span> <span class='ocrx_word' id='word_1_361' title='bbox 740 3664 917 3746; x_wconf 81' lang='lat' dir='ltr'>desperatos.</span> <span class='ocrx_word' id='word_1_362' title='bbox 946 3665 983 3724; x_wconf 87' lang='lat' dir='ltr'>im</span> <span class='ocrx_word' id='word_1_363' title='bbox 1005 3683 1086 3724; x_wconf 76' lang='lat' dir='ltr'>meon</span> <span class='ocrx_word' id='word_1_364' title='bbox 1111 3661 1189 3744; x_wconf 85' lang='lat' dir='ltr'>quod</span> 
     </span>
     <span class='ocr_line' id='line_1_42' title="bbox 76 3742 1189 3818; baseline -0.001 -13"><span class='ocrx_word' id='word_1_365' title='bbox 76 3743 162 3805; x_wconf 78' lang='lat' dir='ltr'>mmiti</span> <span class='ocrx_word' id='word_1_366' title='bbox 180 3749 256 3818; x_wconf 88' lang='lat' dir='ltr'>suot,</span> <span class='ocrx_word' id='word_1_367' title='bbox 275 3748 308 3804; x_wconf 90' lang='lat' dir='ltr'>ut</span> <span class='ocrx_word' id='word_1_368' title='bbox 326 3761 357 3804; x_wconf 88' lang='lat' dir='ltr'>se</span> <span class='ocrx_word' id='word_1_369' title='bbox 376 3743 490 3804; x_wconf 81' lang='lat' dir='ltr'>tandem</span> <span class='ocrx_word' id='word_1_370' title='bbox 509 3751 608 3807; x_wconf 86' lang='lat' dir='ltr'>eontra</span> <span class='ocrx_word' id='word_1_371' title='bbox 626 3763 677 3806; x_wconf 91' lang='lat' dir='ltr'>eos</span> <span class='ocrx_word' id='word_1_372' title='bbox 695 3752 806 3805; x_wconf 73' lang='lat' dir='ltr'>essem</span> <span class='ocrx_word' id='word_1_373' title='bbox 818 3747 891 3806; x_wconf 83' lang='lat' dir='ltr'>iusta</span> <span class='ocrx_word' id='word_1_374' title='bbox 901 3743 958 3804; x_wconf 86' lang='lat' dir='ltr'>Dei</span> <span class='ocrx_word' id='word_1_375' title='bbox 999 3745 1048 3805; x_wconf 89' lang='lat' dir='ltr'>tio.</span> <span class='ocrx_word' id='word_1_376' title='bbox 1069 3742 1189 3804; x_wconf 83' lang='lat' dir='ltr'>Contra-</span> 
     </span>
     <span class='ocr_line' id='line_1_43' title="bbox 75 3818 1190 3919; baseline -0.002 -35"><span class='ocrx_word' id='word_1_377' title='bbox 75 3823 423 3885; x_wconf 83' lang='lat' dir='ltr'>rinstumeuseususviden‘</span> <span class='ocrx_word' id='word_1_378' title='bbox 432 3818 1190 3919; x_wconf 81' lang='lat' dir='ltr'>possetsptiur,quod0bstiustioeurumuonimpediat</span> 
     </span>
     <span class='ocr_line' id='line_1_44' title="bbox 76 3901 1199 4000; baseline 0.004 -39"><span class='ocrx_word' id='word_1_379' title='bbox 76 3908 164 3962; x_wconf 90' lang='lat' dir='ltr'>tameo</span> <span class='ocrx_word' id='word_1_380' title='bbox 174 3901 313 3962; x_wconf 79' lang='lat' dir='ltr'>Doridem</span> <span class='ocrx_word' id='word_1_381' title='bbox 334 3922 392 3983; x_wconf 84' lang='lat' dir='ltr'>quo</span> <span class='ocrx_word' id='word_1_382' title='bbox 412 3903 505 3964; x_wconf 87' lang='lat' dir='ltr'>minus</span> <span class='ocrx_word' id='word_1_383' title='bbox 524 3903 579 3964; x_wconf 85' lang='lat' dir='ltr'>ilbs</span> <span class='ocrx_word' id='word_1_384' title='bbox 598 3903 670 3964; x_wconf 88' lang='lat' dir='ltr'>beue</span> <span class='ocrx_word' id='word_1_385' title='bbox 688 3905 796 3983; x_wconf 74' lang='lat' dir='ltr'>precari</span> <span class='ocrx_word' id='word_1_386' title='bbox 816 3911 922 4000; x_wconf 62' lang='lat' dir='ltr'>perpet.</span> <span class='ocrx_word' id='word_1_387' title='bbox 941 3901 1014 3964; x_wconf 89' lang='lat' dir='ltr'>Nam</span> <span class='ocrx_word' id='word_1_388' title='bbox 1025 3902 1199 3966; x_wconf 83' lang='lat' dir='ltr'>adverbium.</span> 
     </span>
     <span class='ocr_line' id='line_1_45' title="bbox 76 3979 1188 4062; baseline 0 -22"><span class='ocrx_word' id='word_1_389' title='bbox 76 3983 166 4043; x_wconf 83' lang='lat' dir='ltr'>odboe</span> <span class='ocrx_word' id='word_1_390' title='bbox 189 3980 352 4062; x_wconf 75' lang='lat' dir='ltr'>emphatice</span> <span class='ocrx_word' id='word_1_391' title='bbox 370 3983 510 4044; x_wconf 84' lang='lat' dir='ltr'>inseritur.</span> <span class='ocrx_word' id='word_1_392' title='bbox 550 3981 627 4060; x_wconf 83' lang='lat' dir='ltr'>Quid</span> <span class='ocrx_word' id='word_1_393' title='bbox 647 3983 672 4043; x_wconf 85' lang='lat' dir='ltr'>si</span> <span class='ocrx_word' id='word_1_394' title='bbox 690 3985 774 4046; x_wconf 87' lang='lat' dir='ltr'>etium</span> <span class='ocrx_word' id='word_1_395' title='bbox 793 3985 961 4046; x_wconf 82' lang='lat' dir='ltr'>vutimuetur</span> <span class='ocrx_word' id='word_1_396' title='bbox 981 3979 1075 4042; x_wconf 83' lang='lat' dir='ltr'>David</span> <span class='ocrx_word' id='word_1_397' title='bbox 1094 3981 1129 4041; x_wconf 91' lang='lat' dir='ltr'>de</span> <span class='ocrx_word' id='word_1_398' title='bbox 1148 3982 1188 4040; x_wconf 90' lang='lat' dir='ltr'>iu·</span> 
     </span>
     <span class='ocr_line' id='line_1_46' title="bbox 76 4059 1189 4142; baseline -0.001 -22"><span class='ocrx_word' id='word_1_399' title='bbox 76 4059 163 4120; x_wconf 80' lang='lat' dir='ltr'>fausto</span> <span class='ocrx_word' id='word_1_400' title='bbox 181 4079 280 4124; x_wconf 82' lang='lat' dir='ltr'>eorum</span> <span class='ocrx_word' id='word_1_401' title='bbox 299 4064 396 4122; x_wconf 66' lang='lat' dir='ltr'>exitur?</span> <span class='ocrx_word' id='word_1_402' title='bbox 414 4063 470 4123; x_wconf 85' lang='lat' dir='ltr'>susi</span> <span class='ocrx_word' id='word_1_403' title='bbox 491 4061 604 4137; x_wconf 84' lang='lat' dir='ltr'>dieeret,</span> <span class='ocrx_word' id='word_1_404' title='bbox 625 4059 765 4142; x_wconf 85' lang='lat' dir='ltr'>Quemvis</span> <span class='ocrx_word' id='word_1_405' title='bbox 779 4083 855 4124; x_wconf 86' lang='lat' dir='ltr'>nuno</span> <span class='ocrx_word' id='word_1_406' title='bbox 868 4063 1013 4124; x_wconf 82' lang='lat' dir='ltr'>lasciviant</span> <span class='ocrx_word' id='word_1_407' title='bbox 1033 4063 1070 4122; x_wconf 91' lang='lat' dir='ltr'>im</span> <span class='ocrx_word' id='word_1_408' title='bbox 1083 4062 1121 4132; x_wconf 78' lang='lat' dir='ltr'>rii,</span> <span class='ocrx_word' id='word_1_409' title='bbox 1141 4059 1189 4120; x_wconf 90' lang='lat' dir='ltr'>ubi</span> 
     </span>
     <span class='ocr_line' id='line_1_47' title="bbox 76 4083 1189 4278; baseline 0.002 -80"><span class='ocrx_word' id='word_1_410' title='bbox 76 4139 212 4278; x_wconf 82' lang='lat' dir='ltr'>psulieper</span> <span class='ocrx_word' id='word_1_411' title='bbox 230 4140 368 4221; x_wconf 86' lang='lat' dir='ltr'>quieverit</span> <span class='ocrx_word' id='word_1_412' title='bbox 386 4144 456 4223; x_wconf 89' lang='lat' dir='ltr'>ipse,</span> <span class='ocrx_word' id='word_1_413' title='bbox 476 4140 555 4202; x_wconf 88' lang='lat' dir='ltr'>brevi</span> <span class='ocrx_word' id='word_1_414' title='bbox 573 4142 635 4202; x_wconf 82' lang='lat' dir='ltr'>iore</span> <span class='ocrx_word' id='word_1_415' title='bbox 654 4149 686 4203; x_wconf 90' lang='lat' dir='ltr'>ut</span> <span class='ocrx_word' id='word_1_416' title='bbox 705 4144 830 4224; x_wconf 85' lang='lat' dir='ltr'>ipsorum</span> <span class='ocrx_word' id='word_1_417' title='bbox 850 4143 1018 4202; x_wconf 80' lang='lat' dir='ltr'>miserescat.</span> <span class='ocrx_word' id='word_1_418' title='bbox 1058 4083 1096 4200; x_wconf 53' lang='lat' dir='ltr'>dt</span> <span class='ocrx_word' id='word_1_419' title='bbox 1114 4145 1189 4200; x_wconf 83' lang='lat' dir='ltr'>uerte</span> 
     </span>
    </p>

    <p class='ocr_par' dir='ltr' id='par_1_6' title="bbox 77 4218 1188 4464">
     <span class='ocr_line' id='line_1_48' title="bbox 97 4218 1188 4300; baseline 0 -22"><span class='ocrx_word' id='word_1_420' title='bbox 97 4238 129 4278; x_wconf 89' lang='lat' dir='ltr'>uo</span> <span class='ocrx_word' id='word_1_421' title='bbox 146 4221 240 4300; x_wconf 86' lang='lat' dir='ltr'>potius</span> <span class='ocrx_word' id='word_1_422' title='bbox 253 4239 306 4282; x_wconf 91' lang='lat' dir='ltr'>uos</span> <span class='ocrx_word' id='word_1_423' title='bbox 319 4221 430 4284; x_wconf 84' lang='lat' dir='ltr'>deducit</span> <span class='ocrx_word' id='word_1_424' title='bbox 439 4221 591 4282; x_wconf 86' lang='lat' dir='ltr'>verborum</span> <span class='ocrx_word' id='word_1_425' title='bbox 606 4228 765 4296; x_wconf 78' lang='lat' dir='ltr'>contextus,</span> <span class='ocrx_word' id='word_1_426' title='bbox 784 4240 877 4300; x_wconf 88' lang='lat' dir='ltr'>neque</span> <span class='ocrx_word' id='word_1_427' title='bbox 896 4223 971 4283; x_wconf 84' lang='lat' dir='ltr'>onim</span> <span class='ocrx_word' id='word_1_428' title='bbox 991 4221 1067 4293; x_wconf 84' lang='lat' dir='ltr'>dicit,</span> <span class='ocrx_word' id='word_1_429' title='bbox 1086 4218 1188 4280; x_wconf 82' lang='lat' dir='ltr'>Adbuc</span> 
     </span>
     <span class='ocr_line' id='line_1_49' title="bbox 77 4299 1187 4382; baseline 0 -24"><span class='ocrx_word' id='word_1_430' title='bbox 77 4299 161 4360; x_wconf 86' lang='lat' dir='ltr'>oratio</span> <span class='ocrx_word' id='word_1_431' title='bbox 179 4318 241 4360; x_wconf 84' lang='lat' dir='ltr'>mos</span> <span class='ocrx_word' id='word_1_432' title='bbox 260 4301 313 4362; x_wconf 88' lang='lat' dir='ltr'>erit</span> <span class='ocrx_word' id='word_1_433' title='bbox 332 4302 362 4362; x_wconf 92' lang='lat' dir='ltr'>in</span> <span class='ocrx_word' id='word_1_434' title='bbox 380 4301 461 4362; x_wconf 86' lang='lat' dir='ltr'>melis</span> <span class='ocrx_word' id='word_1_435' title='bbox 480 4301 622 4382; x_wconf 85' lang='lat' dir='ltr'>ipsorum,</span> <span class='ocrx_word' id='word_1_436' title='bbox 645 4301 695 4362; x_wconf 88' lang='lat' dir='ltr'>sed</span> <span class='ocrx_word' id='word_1_437' title='bbox 716 4301 825 4364; x_wconf 85' lang='lat' dir='ltr'>videtur</span> <span class='ocrx_word' id='word_1_438' title='bbox 843 4319 971 4362; x_wconf 90' lang='lat' dir='ltr'>seorsum</span> <span class='ocrx_word' id='word_1_439' title='bbox 990 4299 1096 4373; x_wconf 85' lang='lat' dir='ltr'>dicore,</span> <span class='ocrx_word' id='word_1_440' title='bbox 1121 4300 1187 4378; x_wconf 86' lang='lat' dir='ltr'>quio</span> 
     </span>
     <span class='ocr_line' id='line_1_50' title="bbox 78 4377 1188 4464; baseline 0 -26"><span class='ocrx_word' id='word_1_441' title='bbox 78 4377 173 4440; x_wconf 83' lang='lat' dir='ltr'>adhue:</span> <span class='ocrx_word' id='word_1_442' title='bbox 193 4399 282 4461; x_wconf 88' lang='lat' dir='ltr'>quom</span> <span class='ocrx_word' id='word_1_443' title='bbox 298 4379 593 4464; x_wconf 81' lang='lat' dir='ltr'>interposite-copule,</span> <span class='ocrx_word' id='word_1_444' title='bbox 613 4381 714 4444; x_wconf 88' lang='lat' dir='ltr'>deinde</span> <span class='ocrx_word' id='word_1_445' title='bbox 732 4383 874 4462; x_wconf 74' lang='lat' dir='ltr'>adiungat,</span> <span class='ocrx_word' id='word_1_446' title='bbox 893 4388 922 4443; x_wconf 90' lang='lat' dir='ltr'>et</span> <span class='ocrx_word' id='word_1_447' title='bbox 941 4383 1032 4442; x_wconf 85' lang='lat' dir='ltr'>oratio</span> <span class='ocrx_word' id='word_1_448' title='bbox 1053 4397 1114 4440; x_wconf 87' lang='lat' dir='ltr'>mea</span> <span class='ocrx_word' id='word_1_449' title='bbox 1135 4378 1188 4439; x_wconf 88' lang='lat' dir='ltr'>erit</span> 
     </span>
    </p>
   </div>
   <div class='ocr_carea' id='block_1_6' title="bbox 0 0 1415 4880">
    <p class='ocr_par' dir='ltr' id='par_1_7' title="bbox 0 0 1415 4880">
     <span class='ocr_line' id='line_1_51' title="bbox 0 0 1415 4880; baseline 0 0"><span class='ocrx_word' id='word_1_450' title='bbox 0 0 1415 4880; x_wconf 95' lang='lat' dir='ltr'> </span> 
     </span>
    </p>
   </div>
  </div>
 </body>
</html>
