2874 4888
169 323 221 382 114
587 322 606 362 ι.
641 295 881 364 c'aavrrrua

154 446 235 514 ¹luth
257 445 297 514 ad
319 439 559 517 humiliandum,
581 437 769 504 eruditirum
791 431 916 502 Heman
937 429 1106 524 Eaeaitaeu
1132 431 1163 497 2.
1185 429 1306 497 lehova

142 595 147 604 r
171 552 262 620 Deus
285 551 393 618 salutis
414 567 515 625 meae,
539 539 589 607 die
612 539 724 621 clamo,
753 549 847 606 nocte
869 560 976 606 coram
996 545 1039 606 te.
1082 535 1114 604 3.
1136 531 1250 601 Veniat
1271 533 1306 600 in
1381 585 1393 598 .

171 665 378 744 conspectum
404 659 495 714 tuum
522 647 660 738 precatio
682 667 769 736 mea,
795 643 910 712 inclina
935 631 1045 712 aurem
1071 651 1158 746 tuam
1185 639 1225 706 ad
1246 637 1307 706 cla-

169 777 293 822 morem
320 775 444 846 meum:
487 746 520 818 4.
548 749 709 836 Quoniam
726 759 870 818 saturata
899 760 948 817 est
973 747 1064 815 malis
1091 746 1194 813 anima
1220 768 1306 827 mea,

170 871 204 928 et
224 860 287 926 vita
315 881 387 926 mea
413 855 536 924 inferno
564 855 837 950 appropinquavit.
883 855 913 924 5.
936 853 1112 944 Reputatus
1133 873 1207 916 sum
1229 855 1305 915 crim

147 961 431 1034 descendentibus
458 962 491 1027 in
518 962 714 1054 sepulcrum:
743 962 787 1028 fui
814 973 966 1049 tanquam
991 953 1040 1024 vir
1055 953 1118 1023 cui
1138 953 1225 1054 nulla
1246 955 1306 1022 vir·

171 1082 233 1154 tus,
275 1067 307 1134 6.
330 1067 414 1135 Inter
441 1078 586 1136 mortuos
613 1067 708 1152 liber,
734 1067 885 1155 tunquam
914 1062 1008 1132 occisi
1034 1061 1172 1130 iacentes
1198 1061 1231 1126 in
1258 1083 1306 1127 se·

171 1175 291 1260 pulcro,
317 1193 456 1261 quorum
483 1196 550 1240 ιιοιι
572 1195 607 1240 es
634 1193 758 1240 memor
784 1170 929 1262 amplius,
957 1169 1066 1260 etqui
1088 1190 1107 1236 e
1129 1175 1305 1235 manutua

103 1317 116 1331 -·
172 1275 299 1344 abscissi
322 1289 406 1344 sunt.
663 1265 666 1280 ¹
1178 1291 1186 1300 ·

249 1457 276 1516 l.
299 1457 452 1516 Canticum
472 1455 598 1517 Psalmi.
628 1453 739 1516 lieman
759 1456 840 1516 cuiue
859 1473 963 1516 nomen
982 1451 1029 1513 hic
1048 1451 1216 1519 inscribitur,
1236 1469 1305 1528 enm

170 1553 233 1594 esse
252 1534 399 1616 probabile
419 1542 462 1595 eet
482 1539 562 1594 cutus
581 1537 689 1596 mentio
708 1535 741 1596 lit
760 1535 790 1595 in
810 1535 897 1596 Sacro
919 1533 1045 1606 historia,
1067 1535 1094 1594 t.
1114 1529 1184 1612 Reg.
1205 1531 1233 1602 t,
1253 1523 1316 1594 3·1.’

111 1625 121 1644 ·
169 1613 219 1673 ubi
239 1614 306 1673 dum
325 1611 458 1674 laudatur
476 1611 625 1696 prudentia
645 1605 818 1690 Solomonis,
837 1611 981 1674 confertur
998 1632 1066 1672 cum
1080 1609 1164 1685 Etau,
1183 1607 1319 1683 Heman,¹

90 1735 94 1752 .
171 1691 310 1753 Chalchol
335 1700 364 1753 et
384 1691 489 1754 Darda.
531 1693 596 1753 ldeo
638 1697 781 1754 emirum
812 1715 870 1754 nou
896 1700 953 1768 est,
979 1691 1123 1752 hominem
1149 1691 1304 1770 sapientiae

170 1772 278 1831 Siritu
313 1779 518 1854 praestantem,
553 1771 658 1833 Peami
692 1773 777 1833 huius
807 1781 953 1834 auctorem
986 1771 1080 1834 luisse.
1131 1768 1305 1830 Particulam

153 1857 202 1918 ·l'l
232 1855 291 1918 l¹ll2
300 1824 354 1920 hil
373 1853 488 1934 quidam
508 1853 832 1948 appellativevertnnt,
862 1871 949 1932 super
973 1850 1144 1911 infirmitate.
1184 1848 1242 1907 Sed
1266 1866 1305 1906 ex

171 1933 316 2014 communi
340 1951 394 1990 usu
419 1931 565 2013 probabrle
589 1939 632 1992 est
657 1929 705 1994 vel
734 1935 875 1992 musicum
900 1933 1117 1991 instrumentum
1142 1929 1233 1988 notari
1258 1925 1307 1986 vel

170 2011 282 2071 initium
303 2010 467 2071 cantilenae.
496 2011 543 2072 De
563 2011 623 2072 aliis
643 2011 761 2072 vocibus
780 2013 836 2071 iam
857 2011 922 2070 alibi
942 2011 1124 2070 satisdietum
1135 2015 1186 2068 est.
1212 2005 1306 2066 Porro

139 2113 142 2121 “
172 2096 270 2150 tenere
295 2109 397 2228 operae
421 2091 551 2171 pontium
570 2099 627 2164 est,
651 2093 681 2151 iu
706 2093 790 2151 nnius
821 2091 942 2151 hominis
968 2109 1088 2171 persona
1114 2090 1199 2148 statui
1222 2085 1308 2146 nobie

174 2177 239 2229 ante
264 2181 365 2229 ochus
389 2189 470 2231 rarae
494 2172 654 2232 afflictionis
683 2177 712 2232 et
736 2171 821 2232 simul
846 2170 996 2252 patientiae
1021 2169 1182 2250 speculum,
1210 2184 1307 2246 neque

174 2251 249 2310 enim
269 2247 350 2308 Deus
371 2269 484 2311 serrum
505 2269 598 2325 sunm,
619 2271 704 2332 quem
724 2259 783 2310 tam
799 2251 950 2332 praeclaris
971 2251 1083 2309 dotibus
1104 2255 1253 2308 ornaverat
1274 2251 1309 2304 ut

132 2379 137 2394 .
173 2329 236 2390 aliis
260 2335 333 2389 esset
358 2329 504 2415 exemplo,
533 2333 667 2412 privatim
690 2333 832 2406 exercuit,
863 2329 911 2390 eerl
936 2349 1116 2390 communem
1141 2327 1308 2386 eruditionis

174 2410 321 2470 materiam
341 2409 408 2470 dare
427 2410 520 2470 voluit
540 2409 669 2470 omnibus
689 2412 755 2470 suis.
787 2407 855 2488 Quo
870 2411 954 2471 etiarn
968 2409 1086 2470 consilio
1098 2405 1206 2467 Heman
1226 2406 1309 2466 velut

174 2489 316 2552 theatrum
336 2491 536 2562 conscendens,
556 2497 621 2562 tana¹
636 2510 751 2550 enorum
772 2489 976 2563 infirmitatum,
998 2509 1083 2570 quam
1104 2506 1172 2546 suae
1191 2485 1255 2546 fidei
1277 2491 1309 2544 et

175 2571 350 2630 constantiae
370 2575 471 2630 testem
491 2571 558 2630 lacit
578 2569 742 2630 Ecclesiam.
783 2568 886 2630 Nostra
911 2565 987 2630 enim
1007 2569 1162 2648 plurimum
1181 2567 1308 2636 interest,

175 2648 300 2712 nobilem
323 2647 380 2708 Dei
404 2667 534 2721 serrum,
559 2656 588 2709 et
610 2651 721 2710 eximiis
746 2647 869 2730 Spiritus
899 2648 1011 2708 dotibus
1035 2647 1219 2708 excellentem
1244 2665 1307 2724 spe·

177 2735 253 2790 ctare
271 2735 350 2786 tanta
371 2725 554 2788 afflictionum
574 2730 651 2788 mole
671 2728 815 2802 obrutum,
839 2735 871 2790 ut
891 2729 1019 2790 llebiliter
1039 2729 1167 2824 deploret
1186 2746 1217 2786 se
1236 2723 1310 2786 nihil

89 2835 96 2850 ι
176 2827 198 2869 a·
213 2814 326 2867 mortuo
347 2806 461 2867 distare:
482 2823 518 2867 ne
538 2808 584 2866 vel
604 2827 756 2870 aerumnae
775 2815 898 2880 nostrae,
915 2816 1099 2890 quantumvis
1124 2825 1233 2888 graves,
1258 2805 1309 2864 de-

177 2888 336 2970 speratione
356 2906 408 2945 noe
429 2887 603 2968 opprimant:
623 2888 671 2948 rel
691 2890 715 2948 si
735 2889 849 2968 quando
869 2909 921 2952 nos
943 2889 1098 2968 aegritudo,
1118 2905 1195 2959 cura,
1215 2885 1309 2960 dolor,

177 2967 315 3036 anxiatae,
335 2971 364 3024 et
384 2973 474 3031 metus
496 2965 629 3049 debilitat,
650 2967 714 3028 ideo
734 2977 827 3028 tamen
844 2969 1067 3050 despondeamus
1087 2969 1204 3039 animos,
1225 2983 1309 3045 prac-

178 3045 274 3105 sertim
295 3045 344 3102 uhi
363 3046 491 3106 videmus
511 3055 640 3108 sanctum
657 3045 711 3107 Pro
734 3047 828 3107 hetam
849 3068 907 3108 non
927 3049 987 3106 sine
1003 3047 1128 3106 violento
1147 3051 1250 3105 conatu
1270 3063 1311 3102 ex

177 3123 318 3204 protunda
344 3123 515 3186 obscuritate
538 3128 568 3187 in
597 3128 690 3187 lucem
713 3069 805 3187 honae
837 3129 896 3209 spei
920 3145 1071 3208 emergere.
1111 3123 1190 3204 Quin
1214 3125 1311 3205 potltre

177 3202 358 3264 statuendum
380 3211 432 3277 est,
451 3225 504 3286 per
523 3225 556 3266 os
575 3205 685 3267 Hernau
705 3225 722 3268 a
742 3205 854 3288 Spiritu
871 3205 927 3266 Dei
946 3207 1078 3288 precandi
1099 3204 1248 3266 formulam
1268 3203 1313 3262 di-

179 3283 258 3356 ctari,
278 3301 337 3363 qua
356 3284 518 3364 desperatos
538 3306 636 3347 omnes
656 3289 763 3348 invitet.

257 3367 286 3423 2.
312 3365 422 3426 Iebooe
446 3367 537 3425 Deua.
581 3363 746 3426 Notandum
772 3372 814 3425 est
839 3363 917 3445 quod
943 3385 1034 3446 nuper
1056 3365 1150 3446 attigi,
1180 3363 1312 3445 quamvis

142 3515 146 3520 Ι
179 3441 344 3520 simpliciter
363 3450 392 3502 et
412 3445 481 3504 citra
501 3443 677 3525 hyperbolen
701 3449 809 3506 recitet‘
821 3443 962 3526 Propheta
986 3465 1058 3583 ppos
1079 3465 1179 3525 passus
1199 3450 1242 3503 est
1260 3463 1313 3502 au·

179 3524 319 3582 aietetum
339 3528 369 3580 et
387 3521 519 3584 dolorum
539 3527 689 3600 cruciatus,
714 3526 833 3586 dictasse
857 3531 951 3584 tamen
971 3545 986 3582 a
1021 3527 1082 3583 tetis
1103 3523 1234 3604 precandi
1253 3523 1312 3582 lor·

179 3619 265 3669 mam,
290 3619 326 3659 ne
351 3601 404 3659 sub
430 3601 496 3662 ullis
522 3605 662 3664 malorum
689 3605 835 3664 tormentis
860 3603 1020 3664 delicerent.
1060 3599 1119 3663 Etsi
1143 3611 1237 3684 autem
1257 3621 1325 3682 pro·

180 3679 320 3740 malorum
339 3683 487 3754 atrocitate
505 3685 599 3744 statim
620 3684 736 3745 ebulliet
754 3687 783 3744 iu
803 3683 987 3744 vehementes
1013 3678 1214 3764 querimonias,
1232 3680 1315 3744 brevi

178 3765 275 3819 tamen
297 3759 470 3840 praelatione
490 3767 656 3844 tempestive
676 3785 707 3824 se
727 3765 830 3824 munit:
856 3783 892 3824 ne
917 3764 1036 3823 affectus
1062 3765 1105 3822 sui
1131 3764 1243 3822 fervore
1262 3759 1314 3820 ab·

181 3844 289 3917 reptos,
310 3838 403 3898 obstre
425 3846 453 3899 at
472 3844 568 3922 potios
589 3841 662 3914 Deo,
682 3851 712 3905 et
730 3844 903 3923 expostulet,
923 3863 1009 3922 quam
1020 3843 1187 3924 suppliciter
1201 3841 1316 3902 veniam

181 3917 357 4054 deprecetur.
399 3861 495 3993 sseum
515 3924 590 3980 enirn
608 3925 809 4004 wintburnae
838 3936 959 3994 vocans,
984 3925 1065 4003 quasi
1090 3924 1193 3982 iniecta
1222 3922 1316 3991 lreoo,

182 4016 216 4056 co
239 3996 296 4055 rbet
316 3997 420 4058 doloris
445 4000 702 4082 intemperantiam,
728 4001 917 4082 desperationi
939 4003 1053 4061 ianuam
1079 4003 1198 4074 claudit,
1228 4019 1318 4080 aeque

182 4075 219 4135 'ad
245 4077 336 4136 crucia
361 4077 543 4140 tolerantiam
566 4083 660 4142 munit
688 4090 717 4142 et
745 4089 900 4163 comparat.
941 4079 1075 4144 Clunore
1099 4090 1127 4158 et
1152 4081 1318 4140 assiduitate

184 4155 307 4214 oemndit
326 4174 412 4236 quam
432 4159 504 4218 serio
525 4161 647 4220 intentus
668 4160 753 4220 luerit
772 4161 807 4220 ad
829 4159 976 4222 orandum.
997 4160 1069 4220 Fieri
1086 4161 1216 4240 qnidam·⁸
1241 4165 1320 4219 otest

185 4241 217 4290 ut
237 4251 338 4293 vocem
358 4255 414 4296 uon
435 4237 569 4297 extulerit
586 4241 672 4320 pleno
692 4247 821 4320 gutture:
841 4241 890 4300 sed
910 4244 1059 4302 clamandi
1085 4240 1172 4299 verbo
1193 4257 1208 4298 a
1248 4255 1320 4297 con-

184 4312 340 4376 tentionem
361 4316 514 4402 potandam
533 4337 591 4378 non
613 4321 718 4378 trustra
742 4339 809 4380 usus
834 4327 885 4379 est.
926 4317 1035 4382 Eodem
1060 4339 1073 4377 a
1095 4327 1169 4378 ectat
1187 4336 1320 4398 perseve-

184 4392 285 4466 santia,
315 4391 384 4454 dum
410 4415 442 4455 se
466 4397 529 4458 dtea
551 4407 580 4458 et
609 4407 708 4462 noctes
732 4401 913 4462 continuasse
938 4400 1014 4461 dicit.
1088 4415 1323 4480 ee-superracua
