2844 4882
179 295 234 356 ⁴16
357 275 361 296 ’
544 367 549 374 ·
608 290 898 338 scaminus

181 421 278 484 euitat
307 417 390 481 Dure
408 425 452 482 eet
469 421 596 495 tentatio,
615 417 715 496 tuteor,
734 417 831 480 videre
849 413 1021 500 grssmntes:
1047 419 1153 504 impios
1171 419 1202 483 in
1221 419 1323 483 haere

184 503 273 562 ditate
291 497 428 572 Domini,
457 506 489 560 et
505 499 604 559 fideles
623 498 677 560 sub
697 517 796 559 eorum
837 499 934 562 edibus
952 501 1087 562 iuuentus:
1109 501 1160 562 sed
1179 503 1320 582 quianon

142 591 148 608 ⁸
183 583 245 643 sine
266 579 341 641 iusta
365 579 475 639 ratione
499 579 540 652 itu
560 577 641 640 Deus
661 597 729 643 suos
749 577 893 654 bumriiut,
922 577 1076 660 petendum
1094 579 1161 640 inde
1179 587 1224 642 est
1243 581 1323 643 sois·

181 661 264 723 tr‘tim.
301 657 426 720 Additur
454 659 539 718 etium
569 660 655 724 ratio,
687 677 724 719 ne
742 665 814 720 iusti
834 661 988 720 tentatione
1006 660 1096 731 vieti,
1114 683 1175 722 sese
1194 661 1237 721 od
1291 683 1326 721 e·

182 739 311 802 ¹eundum
333 744 509 820 prottetont,
535 756 609 820 quse
628 736 917 820 diligenterrnotaods
936 746 988 800 est
1028 735 1102 800 Nam
1123 737 1190 801 bino
1208 759 1244 801 oo
1268 741 1322 822 'gt-

182 837 248 881 mus
276 817 341 879 ideo
369 817 523 898 temperari
552 815 654 878 abeo
687 835 733 878 res
762 817 909 892 adversus,
959 817 1006 878 niu
1025 815 1183 879 infimitati
1203 826 1323 881 nostrae

116 901 118 910 '
182 895 300 980 paruere
329 896 400 958 vult.
439 893 541 974 Quare
569 898 622 957 etsi
650 915 709 957 non
738 903 850 957 tentum
878 903 923 956 est
946 917 977 956 rn
996 896 1079 959 uobis
1097 897 1270 960 fortitudinis
1290 905 1324 960 et

181 976 359 1040 constantiae
377 982 411 1037 ut
429 977 476 1038 vel
495 983 671 1037 momentum
691 981 847 1058 perstemus
866 975 1014 1038 inoiiioios
1027 978 1106 1040 vbaeo
1115 979 1322 1039 seutentirno-

183 1057 227 1120 bis
251 1059 396 1132 decurrat,
421 1073 506 1116 eurae
536 1062 630 1118 temen
655 1055 718 1116 iore
736 1054 802 1118 Deo
822 1055 958 1116 neberti
978 1057 1059 1116 maiis
1078 1057 1241 1120 deseramus
1259 1059 1323 1140 pie-

169 1135 378 1198 ssttscmtnm.
404 1135 523 1196 Ceriesi
534 1136 680 1197 totos-itae
699 1155 786 1196 eursu
804 1135 912 1217 ubsque
931 1135 989 1196 ulls
1008 1137 1184 1198 relaxatione
1203 1155 1259 1202 uos
1278 1137 1321 1198 ai-

184 1219 308 1298 digeret,
337 1233 410 1275 urus
437 1233 551 1297 semper
575 1221 619 1276 est
641 1215 725 1277 uobis
748 1215 836 1276 utilie
875 1213 948 1276 Nam
968 1221 999 1286 et
1018 1234 1104 1296 quam
1123 1216 1262 1278 indomite
1282 1219 1323 1278 sit

185 1299 277 1357 munis
306 1301 421 1356 nostrae
450 1296 628 1356 coutumueia
651 1295 796 1370 videmus,
824 1300 854 1356 et
872 1314 958 1376 quum
978 1295 1080 1357 fervidi
1099 1294 1218 1357 subinde
1237 1295 1321 1358 ebui-

46 1373 52 1396 '
184 1377 256 1437 bunt
274 1375 336 1436 eius
356 1375 492 1458 impetusz
510 1375 570 1436 imo
589 1381 622 1435 ut
639 1375 714 1435 inter
731 1374 981 1456 ipsasaiiiiotiones
991 1374 1093 1456 quibus
1107 1376 1137 1435 in
1148 1375 1321 1458 obsequium

130 1515 133 1528 ,
185 1453 313 1538 cogenda
336 1461 411 1528 erut,
440 1472 499 1515 non
522 1462 618 1516 tumen
643 1455 753 1516 desinat
772 1454 925 1516 ouluitrsse.
965 1451 1034 1536 Quo
1054 1456 1323 1540 magistneoessaria

152 1540 160 1560 ⁸
184 1542 229 1596 est
247 1534 318 1594 bueo
336 1533 503 1610 admonitio,
521 1531 680 1595 Dominum
698 1535 866 1616 tempestive
884 1533 1002 1595 modum
1021 1535 1167 1616 imponere
1187 1536 1322 1597 teututio·
1411 1533 1412 1620 ζ

185 1614 284 1690 nibus,
307 1615 374 1694 quis
397 1613 476 1676 videt
494 1633 547 1675 nus
565 1615 689 1695 imperes
708 1633 770 1674 esse
788 1613 825 1674 ud
844 1607 1040 1675 resistendum.
1073 1613 1140 1676 *Neo
1157 1635 1229 1676 vero
1248 1613 1321 1675 Pro-

186 1693 273 1777 phetu
291 1699 404 1753 tuntum
423 1693 492 1754 dieii
509 1711 571 1754 esse
591 1693 749 1776 perieulum
767 1713 805 1756 ne
823 1693 928 1754 infirmi
947 1693 1092 1772 deficiant,
1117 1693 1168 1756 sed
1187 1713 1224 1756 ne
1242 1695 1321 1770 iusti,
1411 1743 1412 1748 ,

1039 1766 1043 1788 t

186 1775 237 1855 qui
255 1789 323 1833 vere
340 1779 372 1833 et
390 1792 427 1834 ex
445 1774 541 1834 animo
550 1771 647 1834 Deum
666 1772 773 1846 ooluut,
792 1779 821 1834 et
840 1773 928 1834 dediti
946 1779 1015 1834 sunt
1031 1775 1080 1914 pie
1089 1774 1203 1836 vivendi
1213 1773 1320 1847 studio,
1411 1791 1412 1796 ¹

186 1851 373 1913 suouumbunt
390 1853 445 1934 ipsi
469 1871 595 1935 quoque.
628 1849 720 1936 Ergo,
739 1857 885 1934 uteunque
904 1854 933 1914 in
952 1853 1030 1914 cordi
1050 1873 1084 1914 us
1103 1855 1207 1916 nostris
1224 1855 1322 1936 vigent

186 1931 244 1993 Dei
271 1933 373 2007 timor,
402 1932 525 1993 sciamus
555 1939 650 1994 tumen
678 1953 737 1994 nou
761 1951 823 1994 esse
845 1939 923 1994 tauta
942 1933 1107 1995 fortitudine
1124 1933 1267 2016 praeditos
1286 1941 1321 1996 ut

186 2011 374 2072 sustineamus
397 2012 428 2072 iu
447 2011 533 2072 finem
553 2012 728 2094 usqissntst
747 2007 889 2078 Dominus
908 2012 1077 2074 infirmitatis
1096 2021 1211 2074 nostrae
1230 2013 1318 2073 retio-

144 2113 154 2136 ·
188 2090 385 2172 nemvbubeut
424 2089 556 2170 Quodsi
578 2091 634 2152 boo
653 2092 688 2152 de
708 2093 822 2174 optimis
842 2091 1002 2175 quibusque
1021 2093 1133 2158 athletis
1153 2093 1320 2175 pronuntiat

169 2172 311 2254 ‚Spiritus
341 2177 470 2240 sanetus,
500 2171 568 2252 quid
598 2172 634 2232 de
653 2172 805 2252 tyronibus
824 2171 888 2248 iiet,
921 2174 970 2254 qui
990 2173 1118 2236 nondum
1137 2175 1177 2235 itu
1196 2181 1263 2234 sunt
1282 2173 1319 2234 ad

186 2251 371 2334 pugnandum
391 2251 569 2313 ooniirmsti'?
606 2249 738 2313 Notundu
756 2253 841 2314 etiem
860 2257 905 2313 est
924 2253 1077 2335 loquutio‚
1106 2277 1143 2315 sse
1161 2257 1321 2316 sxtmdont

185 2353 294 2393 morsus
310 2353 399 2392 suos:
426 2350 484 2414 qua
502 2332 586 2393 dooet
606 2331 745 2394 violentos
765 2351 826 2392 esse
845 2335 1033 2394 tentationum
1053 2335 1191 2416 impetus,
1222 2341 1257 2394 ut
1275 2335 1321 2393 iu·
1411 2351 1412 2368 ¹

186 2419 297 2472 storum
316 2429 430 2486 manus,
454 2429 529 2492 quse
547 2412 626 2492 prius
645 2419 727 2472 erunt
746 2412 827 2494 quasi
846 2411 1009 2488 devinetse,
1034 2421 1064 2476 et
1083 2433 1204 2495 quarum
1220 2419 1321 2474 motus
1411 2453 1412 2474 r

186 2491 338 2588 compositi
367 2498 447 2552 erunt
475 2491 513 2553 ud
531 2489 587 2553 Dei
611 2491 773 2570 arbitrium,
802 2511 880 2556 uuno
899 2495 981 2575 quasi
1000 2493 1112 2557 solutae
1130 2494 1168 2555 ad
1186 2493 1323 2576 preeaudi

135 2600 146 2634 'p
185 2570 593 2730 lmnjddssssbddeaf'dourdstooo.
634 2649 808 2734 Quanquam
833 2650 977 2734 Propheta
1002 2659 1081 2716 oerto
1100 2655 1157 2715 ism
1181 2653 1235 2735 piis
1255 2673 1323 2722 „om-

86 2761 87 2770 ¹
178 2731 270 2792 'nibus
294 2731 436 2812 pollicitus
459 2729 552 2794 iuerat
571 2739 764 2812 opportunum
780 2717 836 2792 Dei
860 2733 1011 2810 suxtttem,
1036 2752 1068 2794 se
1087 2739 1181 2794 tamen
1202 2733 1238 2792 ad
1256 2753 1324 2813 pre-

187 2811 330 2872 uutiunem
350 2813 506 2888 convertit,
525 2831 617 2892 neque
636 2812 665 2871 id
684 2811 798 2871 frustra.
837 2809 910 2872 Nam
930 2814 983 2874 etsi
1003 2823 1056 2873 n'os
1075 2819 1213 2874 sustentet
1239 2811 1323 2886 fides,

70 2933 74 2944 .
187 2892 255 2971 quia
273 2896 369 2950 tamen
386 2891 495 2952 interes
513 2891 647 2952 vuoiliunt
665 2893 756 2951 oumis
775 2896 891 2953 nostrus
910 2909 1018 2964 seusun
1037 2911 1137 2974 preces
1156 2892 1321 2953 misoendee

186 2977 255 3030 sunt
278 2985 312 3029 au
334 2969 586 3030 confirmationem.
626 2969 788 3052 Sequemur
811 2989 880 3051 ergo
905 2971 978 3032 buno
996 2971 1322 3054 Prophetaesreguism,

186 3050 237 3130 qui
258 3049 321 3128 pios
340 3068 438 3110 omues
458 3047 494 3109 ud
512 3049 644 3110 fiduciam
664 3047 804 3124 hortatus,
821 3051 906 3112 simul
927 3053 1051 3113 ostendit
1063 3072 1121 3112 non
1141 3071 1239 3112 seeum
1250 3053 1323 3112 osei-

186 3125 306 3188 taudum
328 3145 390 3188 esse
454 3129 482 3187 in
502 3127 538 3188 ud
560 3127 653 3188 Deum
673 3129 853 3210 confugiunt,
881 3136 913 3190 et
931 3131 1063 3211 precibus
1080 3132 1117 3191 eb
1136 3149 1172 3191 eo
1191 3132 1324 3210 tisgitent

187 3207 265 3288 quod
289 3207 350 3288 ipse
375 3227 425 3268 ver
446 3227 463 3267 o
486 3227 539 3269 suo
564 3208 643 3268 iubet
665 3227 714 3269 eos
733 3227 856 3290 sperare.
895 3208 932 3270 Et
952 3217 1029 3272 certe
1048 3213 1114 3292 quie
1133 3211 1163 3270 in
1182 3209 1315 3271 aiiliotio-

186 3305 257 3348 uum
281 3285 403 3348 tenebris
421 3305 480 3348 uon
499 3289 668 3384 perspicitur
687 3287 742 3349 Dei
762 3289 912 3363 auxilium,
936 3291 1005 3430 quin
1025 3292 1120 3372 potius
1138 3290 1254 3350 videtur
1272 3309 1324 3350 eo·

186 3384 248 3428 rem
268 3365 333 3428 Deo
351 3366 462 3428 nullum
480 3385 543 3430 esse
561 3371 701 3430 ustorum
720 3374 749 3428 et
768 3370 920 3450 impiorum

960 3371 1102 3431 iserimeus
1121 3368 1179 3430 boe
1191 3369 1325 3430 remedio
1411 3359 1412 3424 i

187 3447 325 3507 utendum
350 3453 401 3508 est.
442 3444 502 3508 Nee
524 3453 636 3508 tuntum
660 3448 823 3529 simpliciter
849 3453 932 3532 roget
956 3455 989 3510 ut
1008 3449 1099 3510 bonos
1119 3449 1240 3529 benigue
1260 3455 1321 3508 trs-
1411 3439 1412 3490 i

77 3585 81 3596 ,
187 3531 245 3586 utet
263 3524 353 3600 Deus,
372 3525 422 3588 sed
441 3525 597 3590 bonitatem
658 3547 733 3608 oque
753 3527 858 3603 deiinit,
878 3545 953 3610 quse
973 3536 1070 3589 msnat
1090 3547 1126 3589 ex
1147 3530 1259 3588 sineero
1275 3527 1320 3587 ai-

186 3605 273 3666 ieetu.
314 3603 414 3686 Neque
439 3608 515 3667 euim
534 3607 598 3667 tiliis
648 3609 672 3666 ei
692 3605 835 3668 suiiiueret
853 3604 993 3669 abstinere
1012 3605 1047 3668 ub
1068 3609 1146 3670 omui
1165 3606 1323 3678 maieiioio,

187 3687 249 3826 qqiqi¹
264 3687 434 3844 qeppprqdeetpt
455 3687 571 3747 interior
594 3686 688 3748 oordis
707 3687 865 3767 integritus,
893 3689 953 3748 imo
971 3689 1027 3749 nisi
1046 3693 1137 3749 totum
1155 3707 1258 3749 eurum
1278 3687 1325 3746 vi·

267 3846 298 3908 5.
320 3849 380 3920 Qus
398 3853 496 3906 omem
514 3847 668 3908 divertunt.
689 3843 765 3924 Quia
783 3846 962 3927 participium
980 3847 1113 3914 Uitam
1132 3851 1177 3908 est
1194 3863 1234 3906 ex
1253 3863 1325 3906 oon.
1411 3881 1412 3892 2

188 3925 333 4005 ingutione
352 3923 463 4006 idipbii.
482 3926 638 3986 seeundum
656 3927 795 3986 rationem
816 3925 1024 3985 Grammaticus
1044 3927 1139 4007 potius
1158 3925 1251 3985 uotive
1270 3945 1325 3986 ex·

188 4005 257 4086 poni
276 4003 399 4080 deberet,
418 4003 468 4064 sed
488 4005 555 4084 quia
574 4025 631 4065 uon
651 4023 751 4143 perum
772 4011 816 4065 est
834 4005 921 4065 verbu
939 4007 969 4064 in
983 4005 1033 4065 iliu
1041 4005 1241 4085 coniugatione
1251 4021 1327 4064 neu·

188 4083 298 4146 uelites
316 4103 433 4165 quoque
451 4085 548 4165 aouipi,
568 4083 657 4164 probs
677 4083 720 4144 ilis
739 4089 783 4144 est
801 4085 856 4145 ista
875 4103 962 4166 quum
981 4091 1121 4165 sequutus
1131 4103 1206 4158 sum,
1215 4085 1327 4144 versio.

135 4171 137 4176 '
188 4161 250 4224 Sed
267 4165 333 4244 quie
353 4165 445 4224 uetisa
464 4162 631 4243 significatio
650 4181 710 4224 nou
728 4164 822 4225 miuus
841 4172 907 4246 apte
917 4162 1045 4243 quadret,
1064 4163 1153 4224 libem
1162 4163 1326 4224 siteleetio.

189 4239 308 4302 Sensus*
330 4250 387 4317 est,
416 4261 455 4304 ue
472 4241 554 4304 Deus
581 4243 619 4302 ad
643 4261 743 4303 eorum
768 4243 875 4304 sedern
894 4261 1007 4324 semper
1025 4245 1190 4317 oonniveat,
1219 4243 1272 4323 qni
1294 4261 1330 4302 se

188 4318 261 4380 iales
278 4320 455 4402 professione
473 4325 618 4398 iautautes,
637 4337 691 4402 pro
710 4341 762 4383 suu
780 4321 895 4382 libidine
906 4329 1062 4402 ‘vagusque
1081 4322 1129 4382 vei
1146 4324 1234 4384 etism
1254 4323 1329 4382 dm-

188 4399 276 4479 piioes
304 4407 492 4508 eorrqmpunt
516 4407 547 4462 et
565 4419 664 4477 seeum
681 4401 799 4464 trabunt
816 4399 854 4466 ad
872 4401 1007 4484 preuuudi
1020 4399 1178 4464 boentism.
1218 4398 1331 4484 bisque
