2874 4888
11 229 12 236 ἵ
100 193 109 218 ἱ

499 263 831 348 ressuscitatum
1136 229 1140 244 ,
1187 273 1261 336 1552
1313 231 1317 242 ι

93 395 187 478 pineta
212 365 347 458 cobiberc
368 375 425 454 nos
444 393 537 454 voluit
560 412 599 456 ne
622 392 820 474 obstrepamus
843 387 924 468 Deo,
954 394 1023 456 dum
1046 397 1128 460 slitm
1152 419 1239 479 mam

93 497 154 557 pre
178 475 267 536 animi
291 475 382 534 nostri
403 481 471 534 veto
496 473 654 534 humanum
680 493 771 554 genus
794 474 969 536 moderatur.
1011 473 1099 553 Quod
1118 481 1239 559 igitnra

11 579 12 600 ¹
93 575 187 616 meu
206 555 352 616 communi
372 552 516 629 abherret,
534 560 697 614 reverenter
716 555 860 634 suspicere
884 575 937 614 nos
957 555 1048 616 iubet:
1069 562 1136 638 quia
1159 557 1239 620 Dens

94 643 131 696 ut
152 634 323 714 obseqrriunr
335 640 474 730 'nostrum
492 634 605 724 ppobet,
623 651 727 696 arcena
740 653 793 694 sus
807 634 912 696 iudicia
926 635 1110 719 longe-supra
1123 647 1240 720 captum

92 714 421 858 mwitdiblbbtltns.
440 791 556 854 Diserte
570 792 628 854 boc
647 792 763 868 addidit,
783 801 816 856 ut
834 794 948 877 culpam
968 797 1090 858 sciamus
1108 799 1137 860 in
1157 797 1240 860 nobis

95 875 239 948 undere,
268 874 347 954 quod
367 873 423 932 Dei
446 874 555 933 iudiciis
580 873 695 936 laudem
720 870 879 938 suam'uou
899 876 1057 942 tribuimus.
1097 877 1240 956 Quamvis
1348 938 1352 952 ,

96 957 179 1016 enim
199 953 343 1035 profunde
361 955 498 1032 mysteria
517 972 580 1014 esse
592 953 707 1036 dixepit,
727 974 805 1014 nunc
819 957 993 1036 pronuntiat,
1013 961 1123 1037 stupori
1139 967 1239 1020 nostro
1307 966 1310 974 ⁴

97 1043 131 1096 et
153 1033 304 1095 socordiae
323 1052 386 1092 esse
406 1033 604 1114 imputandum
625 1031 705 1112 quud
724 1033 884 1097 uobisuuu
904 1037 961 1094 sint
981 1039 1142 1117 conspicua.
1162 1039 1240 1098 Stul-

98 1121 150 1174 tos
171 1121 269 1173 autem
289 1118 375 1172 vocnt
394 1131 494 1172 omnes
514 1113 689 1186 incredulos,
719 1131 754 1173 ac
779 1116 863 1174 tacite
887 1134 937 1174 eos
961 1115 1090 1176 fidelibus
1110 1121 1240 1199 opponit,

11 1237 12 1248 ,
100 1194 209 1274 quibus
228 1191 311 1252 Deus
331 1213 384 1274 per
403 1192 531 1254 Vcibum
551 1213 635 1254 suum
655 1201 687 1252 et
698 1189 843 1275 'Spiritum
861 1195 966 1256 illucet
1004 1193 1078 1256 Nam
1098 1217 1242 1336 peraeque
1347 1213 1355 1238 ²

100 1277 233 1334 omnium
253 1280 362 1334 mentes
374 1280 505 1354 ¹occupet
523 1272 596 1334 baec
615 1274 726 1350 inscitia
745 1281 775 1334 et
794 1277 923 1352 caecitas,
943 1275 1034 1338 donec
1048 1297 1099 1336 coe
1110 1280 1163 1338 esti
1179 1298 1240 1356 gra-

93 1355 144 1413 tia
164 1353 274 1414 oculati
292 1352 452 1412 reddamur.
483 1351 608 1434 Ideoque
628 1353 771 1433 regendus
791 1361 835 1414 est
854 1352 934 1417 Deus
954 1363 987 1415 ut
1006 1357 1104 1418 oculos
1124 1365 1241 1418 nostros

101 1433 175 1492 bene
196 1437 299 1513 purget
317 1432 353 1491 ad
374 1431 535 1492 meditanda
555 1452 608 1493 sua
628 1449 728 1513 opera.¹
758 1433 875 1498 Interim
895 1455 911 1496 a
932 1443 1097 1519 contemptu
1116 1439 1260 1497 vindicat»

102 1511 419 1594 incomprehensibilem
437 1509 495 1574 Dei
514 1513 695 1596 sapientiam,
725 1515 860 1576 stultitiae
885 1522 916 1575 et
940 1519 1079 1578 amantiae
1103 1517 1241 1580 damnans

102 1612 152 1654 eos
180 1611 280 1653 omncs
305 1593 355 1672 qui
379 1591 524 1654 fastidiose
548 1612 611 1652 eam
635 1593 781 1652 rciieiunt:
811 1601 841 1654 et
866 1597 981 1676 evulgi
1005 1603 1122 1678 torpore
1142 1597 1240 1658 fideles

103 1678 232 1748 revocat,
254 1678 288 1731 ut
306 1673 442 1731 attentius
461 1671 671 1732 considerandis
692 1693 811 1754 operum
832 1673 888 1734 Dei
907 1675 1048 1754 mysteriis
1067 1677 1241 1736 incumbant.

182 1755 212 1816 8.
241 1754 327 1814 Duru
335 1755 453 1834 florent
472 1759 566 1834 irrepit.
606 1749 711 1814 Pulcra
730 1759 760 1813 et
779 1756 917 1816 concinna
937 1757 1118 1820 similitudine
1138 1757 1242 1818 refellit

103 1851 137 1894 sc
157 1831 269 1892 deridet
291 1833 441 1897 stultitiam
466 1831 554 1906 bane,
585 1832 664 1912 quod
681 1836 818 1913 ¹putamine
837 1836 876 1894 im
897 1837 954 1910 ies,
984 1837 1038 1897 uisi
1068 1839 1167 1900 statim
1193 1856 1240 1902 eur

104 1916 211 1994 gantur
229 1912 259 1970 iu
279 1911 418 1985 ordinem,
437 1913 519 1992 quasi
538 1912 716 1992 triumphum
736 1914 856 1995 deipso
875 1855 942 1976 biso
961 1935 1054 1997 agere.
1073 1915 1126 1978 Est
1146 1911 1242 1978 aniani

102 1995 133 2054 iu
153 1991 248 2052 verbis
267 1992 430 2066 concessio,
455 1991 535 2072 qued
553 1991 658 2054 fatetur
677 1993 835 2074 germinare
854 2002 883 2056 et
901 1996 1016 2058 florere:
1046 1997 1258 2058 sedrnouudas

105 2081 149 2134 est
168 2091 244 2152 quae
262 2091 333 2132 mox
352 2071 466 2132 additur
485 2074 635 2144 cormello,
653 2071 757 2156 tlorspe
776 2075 813 2134 ad
833 2083 1009 2136 momentum
1024 2075 1241 2138 iustcrberbue:

105 2154 175 2235 quia
194 2152 325 2212 celuiter
343 2153 493 2212 marcescit
509 2171 610 2212 eurum
629 2151 864 2232 solicitatumque
878 2157 918 2214 ita
932 2155 1097 2216 scandalum
1111 2156 1147 2216 ad
1163 2155 1242 2236 quod

104 2239 183 2293 tutus
202 2234 262 2292 iere
281 2231 404 2294 muudus
430 2232 575 2312 impingit,
605 2231 760 2311 prudenter
784 2233 859 2292 tollit
882 2239 911 2293 et
934 2235 1041 2296 abolet:
1072 2237 1139 2316 quia
1159 2237 1242 2296 nimis

107 2313 195 2372 stulte
222 2318 357 2392 putemus
387 2310 485 2373 beatos
515 2329 578 2370 esse
603 2311 708 2390 quibus
730 2314 909 2391 propinquus
933 2315 1064 2374 bitenius
1087 2316 1241 2395 impendel,

106 2390 332 2471 florentquidern
342 2391 436 2463 hodie,
456 2389 507 2450 sed
526 2409 588 2450 eras
597 2389 765 2450 excidentur
780 2397 811 2450 ut
826 2399 964 2454 cumeani.
984 2392 1061 2454 Alibi
1072 2395 1240 2468 videbimus,

107 2471 199 2532 herbis
220 2470 343 2530 conicrri
363 2487 437 2552 quas
456 2477 612 2532 nascuntur
632 2470 662 2528 iu
683 2469 853 2532 culminibus
871 2478 1022 2545 tectorum,
1042 2471 1118 2534 Psul.
1129 2479 1197 2548 129,
1213 2477 1241 2538 6.

79 2577 82 2584 ·
107 2555 171 2633 quia
192 2551 262 2611 dum
281 2551 337 2611 illis
357 2551 436 2610 deest
455 2550 510 2611 soli
529 2550 680 2631 pinguedo,
705 2569 743 2613 ex
763 2570 820 2630 qua
839 2571 958 2612 succum
981 2553 1111 2626 trabant,
1140 2562 1242 2636 sponte

107 2638 234 2714 pereunt.
255 2629 313 2692 Sed
324 2627 468 2710 Propheta
485 2651 563 2692 nuuc
578 2631 698 2710 simplici
713 2631 896 2692 similitudine
910 2639 1061 2696 contentus
1079 2634 1143 2708 fuit,
1163 2634 1243 2714 quod

106 2713 278 2792 prosperitas
297 2712 450 2790 impierum
470 2713 608 2770 maturius
628 2711 748 2770 esitium
769 2711 823 2772 sibi
848 2719 988 2786 accersat,
1018 2735 1076 2774 uon
1101 2733 1182 2777 secus
1207 2733 1243 2776 ac

106 2793 226 2863 falcem,
255 2790 407 2852 barbarum
426 2792 584 2850 maturitas.
603 2791 648 2852 Ae
667 2790 814 2852 antithesis
833 2793 907 2853 inter
926 2792 1043 2854 brevem
1063 2793 1242 2854 durationem

106 2879 133 2932 et
153 2879 300 2932 aeternum
319 2871 437 2930 exitium
457 2870 583 2932 notanda
601 2878 658 2931 est:
683 2873 740 2930 acsi
761 2872 882 2945 diceret,
901 2893 961 2933 uon
981 2875 1102 2934 resecari
1123 2882 1154 2939 ut
1174 2893 1242 2935 vere

106 2971 182 3012 nevo
204 2953 306 3010 iterum
327 2951 448 3030 pullulet
467 2969 567 3010 eorum
587 2951 683 3024 radix,
712 2952 795 3011 sicuti
820 2953 923 3013 berbac
947 2961 1093 3014 emortuae
1112 2955 1242 3034 vigorem
1290 2959 1322 3008 ’-

107 3033 254 3112 colliguut,
275 3030 325 3090 sed
345 3029 381 3089 ad
400 3037 547 3090 ueternum
568 3031 688 3090 exitium
708 3029 844 3094 damnari.
865 3031 952 3111 Quod
973 3041 1068 3094 eutem
1088 3033 1184 3095 Deum
1205 3055 1242 3096 ex

106 3113 240 3193 opposito
261 3111 494 3170 dicitExcelsum
514 3117 547 3170 tn
566 3112 644 3170 coelo
664 3111 772 3184 sedere,
792 3113 907 3192 quidam
924 3115 962 3172 itu
978 3114 1243 3194 accipiuntacsiilli

88 3225 91 3232 ,
107 3198 244 3252 assereret
252 3191 408 3270 potentiam
419 3209 453 3250 ac
461 3208 566 3250 munus
577 3189 692 3284 pegeudi
707 3193 817 3250 mundi:
838 3193 958 3271 nequid
974 3200 1105 3273 putemus
1125 3193 1245 3260 fertuitd

107 3272 249 3344 cecidere,
274 3271 342 3328 dum
367 3269 451 3329 rebus
471 3268 603 3330 humanis
622 3271 762 3350 praesidet
781 3279 841 3330 tam
861 3291 894 3332 ae
915 3291 968 3346 uus
988 3273 1075 3334 index
1094 3293 1127 3334 ac
1147 3277 1266 3338 mode·-

107 3359 194 3412 rator.
234 3349 295 3416 Alii
317 3349 394 3410 abed
419 3350 549 3410 afferunt.
590 3348 649 3410 Sed
672 3350 742 3410 mibi
762 3351 875 3412 videtur
893 3293 1038 3432 dropbeta
1062 3354 1243 3416 stabilitatem

108 3433 169 3492 solii
192 3429 248 3494 Dei
269 3429 398 3490 conterre
422 3450 487 3488 cnm
508 3431 632 3490 versatili
652 3430 751 3492 mundi
775 3431 940 3510 agitatione:
971 3433 1029 3492 sesi
1054 3434 1158 3496 diceret
1184 3457 1244 3496 uon

107 3509 313 3570 aestimandum
336 3529 398 3570 esse
417 3509 512 3568 Deum
533 3529 571 3568 ex
590 3509 709 3585 mundo,
728 3511 759 3570 in
779 3531 838 3592 quo
857 3510 929 3570 nibil
948 3511 1039 3572 fixum
1058 3519 1103 3574 est
1123 3510 1168 3574 vel
1187 3523 1243 3575 sta-

107 3591 175 3650 bile:
207 3590 276 3670 quia
301 3589 384 3668 longe
410 3590 522 3650 diversa
547 3591 608 3648 eius
631 3592 704 3650 ratio
718 3596 766 3660 ,sit
790 3592 840 3728 pai
864 3599 990 3651 terrenas
1014 3596 1186 3656 mutationes
1206 3615 1244 3658 ex

109 3671 167 3730 alto
188 3672 300 3750 quietus
314 3669 452 3750 despicit:
472 3688 567 3750 neque
586 3671 614 3730 id
634 3671 721 3735 mode
744 3678 775 3730 ut
803 3673 917 3732 leuma
937 3675 1074 3734 creaturis
1094 3673 1244 3749 decernis,

110 3771 168 3830 quo
188 3748 307 3828 gradum
327 3750 371 3808 sui
391 3748 508 3810 honoris
528 3749 654 3811 obtineat
673 3751 747 3810 illius
767 3752 909 3813 maiestas:
930 3753 982 3812 sed
1002 3761 1035 3814 ut
1054 3773 1107 3814 uos
1127 3775 1244 3834 quoquc

110 3832 252 3888 discemus
277 3847 363 3908 supra
387 3848 441 3888 uos
465 3836 495 3890 et
519 3849 605 3909 supra
629 3837 722 3890 totum
747 3832 886 3892 mundum
911 3851 1057 3912 assurgere
1077 3837 1188 3914 quoties
1208 3835 1244 3894 ds
1277 3849 1281 3856 ·

109 3907 230 3968 niis-abili
250 3915 278 3968 ct
298 3927 399 3968 arcana
418 3911 480 3970 eius
500 3909 678 3990 providentia
698 3912 805 3988 agitur,
835 3913 901 3992 quia
925 3913 1055 3972 turbidus
1081 3920 1124 3974 est
1143 3933 1244 3974 corum

110 3990 259 4069 adspectus
279 3990 328 4068 qui
349 3989 379 4046 iu
398 3995 472 4070 terpa
492 3989 655 4050 subsistunt.
696 3987 773 4070 Ergo
794 3997 826 4050 ut
844 3992 927 4052 nobis
947 4000 1101 4072 appareant
1122 4013 1194 4072 quac
1214 3998 1244 4054 in

108 4067 300 4128 mundo‘non
325 4075 480 4128 cernuntur
499 4067 556 4128 Dei
579 4069 698 4144 iudicia,
723 4069 868 4151 Propheta
892 4072 946 4132 sub
967 4093 1037 4132 voce
1056 4071 1244 4132 sublimitatis

109 4146 352 4208 admonetDeum
371 4167 431 4207 uon
450 4167 533 4226 agere
552 4156 652 4210 nostro
672 4149 804 4211 arbitrio:
824 4151 875 4212 sed
895 4157 981 4233 prout
1000 4153 1055 4212 fert
1074 4156 1134 4212 cius
1154 4160 1242 4214 neter-

50 4257 52 4263 ·
109 4230 191 4302 uitas,
211 4246 277 4301 nos,
295 4228 363 4308 quia
378 4227 464 4286 breve
477 4234 520 4287 est
533 4230 609 4288 vitae
622 4239 736 4291 nestrae
751 4231 932 4306 curriculum,
953 4234 1019 4310 qnia
1035 4239 1069 4291 ut
1088 4233 1244 4312 plurimum¹

108 4327 167 4366 non
186 4306 347 4388 procedunt
367 4307 456 4366 nostri
476 4314 604 4382 mustus,
624 4311 709 4370 variis
728 4309 836 4372 seilicet
855 4309 1007 4372 obstaculis
1027 4311 1150 4392 abrupti,
1175 4315 1243 4394 quie

109 4407 166 4451 nen
186 4406 299 4468 semper
320 4385 437 4447 effertur
457 4387 578 4464 occasio,
597 4392 815 4470 praecipitanter
829 4391 955 4478 lenimur,
970 4393 1164 4456 etseeuudum
1175 4397 1241 4454 ussi·
