2816 4880
457 338 842 404 Xiurassenerm'm.
957 365 962 382 2
1173 355 1228 412 523

98 487 155 550 lroc
174 466 396 568 nomeo'postoo
416 483 452 545 ad
471 489 636 544 mansuetos
653 482 841 543 transierunt:
861 481 927 564 quia
947 479 1055 564 domari
1075 480 1150 544 solet
1164 496 1227 540 ‘car-

96 573 140 630 nis
161 567 292 649 superbia
312 563 520 640 afflictionibus,
540 565 623 623 sicuti
642 563 756 624 satietas
775 561 910 623 ferociam
931 563 1031 642 posits
1051 557 1227 641 Opportuoo

96 649 184 726 igitur
208 646 309 707 solutio
335 647 446 724 mitigat
465 637 610 724 Propheta
635 643 826 726 praesentium
851 642 992 702 malorum
1011 641 1178 714 tristitiam,'
1196 643 1229 701 ut
1295 719 1296 722 Ἴ

1 786 2 800 ,
64 769 65 776 κ
96 727 194 787 fideles
214 726 356 786 eerrrmuis
375 725 484 798 deiecti,
503 741 553 804 spe
573 721 668 784 tamen
687 719 723 782 ud
743 721 871 804 gloriam,
892 736 968 802 quaa
985 721 1113 781 noudum
1133 721 1223 782 cerul-

95 814 145 867 tur
163 807 314 887 adspirent.
335 803 454 863 Summo
474 810 532 864 est:
552 804 619 883 qula
639 803 776 884 populum
797 801 917 861 electum
937 797 1018 862 Deus
1037 819 1133 860 amore
1152 817 1229 862 com-

60 900 67 906 ·
97 887 200 968 plexus
221 891 274 961 est,
294 883 357 945 lieri
376 903 435 945 uon
455 901 540 974 posse
560 889 593 943 ut
612 887 751 964 perpetuo
770 879 800 941 iu
819 881 906 942 tantis
925 875 1181 942 miseriis-deserat.

186 1057 217 1134 5.
239 1053 453 1126 Exsultabunt
473 1041 628 1126 mansueti
650 1055 683 1122 in
705 1051 811 1150 gloria,
833 1051 1008 1123 iubilabunt
1027 1051 1061 1120 iu
1078 1051 1231 1122 cubilibus
1275 1097 1283 1110 ·

98 1165 174 1232 suis.
197 1165 229 1232 6.
250 1161 473 1231 Exultationes
493 1161 610 1230 Dei-iu
628 1155 755 1254 gutture
776 1185 897 1244 eurum,
918 1169 952 1228 et
972 1159 1093 1252 gladius
1115 1179 1232 1251 anceps
1254 1189 1256 1194 ·

98 1275 131 1337 in
154 1293 252 1338 manu
274 1290 398 1338 eorum:
433 1269 464 1336 7.
490 1267 541 1335 nd
562 1267 735 1336 laciendum
755 1267 927 1336 vindictam
947 1267 982 1332 in
1003 1265 1165 1347 Gentibus,
1186 1274 1232 1332 c'a-
1309 1354 1313 1363 1

99 1375 279 1469 stigationes
300 1376 334 1444 in
355 1367 498 1467 populine
520 1375 551 1443 8.
573 1372 627 1440 Ad
646 1373 830 1448 vinciendos
841 1371 944 1465 Reges
966 1394 1078 1440 corum
1100 1371 1233 1456 catenis,

99 1493 132 1550 et
157 1505 304 1574 proceres
332 1505 444 1548 eorum
472 1480 680 1572 compedibus
701 1480 819 1548 ferreis.
863 1480 896 1548 9.
927 1478 979 1547 nd
1001 1477 1179 1570 iaciendum
1199 1478 1234 1544 iu

99 1578 160 1654 illis
191 1588 341 1656 iudicium
374 1588 541 1680 seriptum:
575 1587 671 1656 decor
696 1587 749 1656 hic
777 1585 925 1656 omnibus
950 1583 1125 1654 mansuetis
1154 1584 1232 1675 eius.

100 1691 287 1762 rausum.
487 1673 526 1740 N

180 1835 209 1899 5.
236 1837 442 1898 Remittunt.
481 1835 537 1898 liic
555 1835 702 1911 laetitiam,
715 1835 840 1898 iubilum
860 1842 890 1896 et
909 1833 1088 1917 magnificam
1106 1833 1165 1895 Dei
1183 1853 1233 1894 ex·

45 1915 49 1923 “
101 1917 263 1976 allationem
288 1917 451 1992 nominans,
481 1915 516 1977 ab
540 1919 643 1978 effectu
668 1917 771 1976 clarius
795 1915 897 1998 probat
922 1935 954 1975 su
978 1933 1037 1975 nou
1066 1916 1102 1975 de
1122 1914 1171 1974 vui
1192 1915 1234 1976 uri

102 1995 158 2058 Del
177 1993 313 2055 beueliolo
335 1991 481 2055 dies'erere:
502 1999 569 2076 quia
587 1997 641 2056 nisi
661 1995 826 2054 mirabiliter
840 2001 970 2054 servatus
984 1995 1083 2054 luisset
1099 1936 1234 2076 pupulus,

1 2075 2 2086 ¹
102 2095 161 2136 nou
182 2080 242 2135 erat
261 2091 346 2134 eausa
365 2081 460 2134 tautae
480 2075 617 2149 laetitiae,
641 2080 728 2153 atque
746 2075 832 2134 eliam
852 2071 1002 2153 triumphi,
1027 2073 1129 2154 quibus
1149 2075 1233 2132 etiam
1325 2119 1331 2136 .

103 2154 197 2214 verbis
217 2153 365 2226 admouet,
393 2173 453 2214 uon
473 2153 537 2213 ideo
556 2153 704 2219 reductum
724 2171 786 2212 esso
806 2153 945 2234 populum
965 2151 1000 2210 ab
1019 2153 1106 2212 exilio
1126 2157 1159 2212 ut
1178 2151 1233 2211 st'a·

6 2297 12 2314 ι
102 2237 154 2294 lim
175 2235 279 2294 iterum
299 2233 417 2310 diffluat,
437 2233 487 2294 sed
506 2239 541 2293 ut
558 2233 658 2312 lioruat
676 2233 756 2292 omui
776 2247 878 2314 genere
897 2231 1105 2292 benedictionis.
1136 2230 1235 2311 Atque

1 2349 2 2358 κ
103 2313 324 2376 inmunditiam
349 2313 492 2388 meminit,
520 2320 553 2373 ut
577 2311 630 2379 sub
650 2309 707 2372 Dei
730 2314 906 2393 protectione
924 2311 1087 2372 diuturnam
1106 2313 1236 2390 requiem
1314 2348 1327 2364 .

103 2391 201 2454 fideles
220 2411 234 2450 s
256 2399 375 2456 orarent.
396 2393 553 2454 instructos
572 2411 688 2472 quoque
707 2393 793 2452 armis
813 2397 843 2452 et
862 2393 989 2474 potentio
1008 2389 1069 2450 iore
1090 2389 1236 2451 denuntiat

102 2492 162 2534 nou
181 2409 267 2532 mogo
287 2472 324 2532 sd
344 2471 439 2534 hostes
458 2471 605 2546 arcendos,
624 2471 675 2531 sed
694 2471 779 2532 etiam
799 2469 884 2551 longe
902 2469 1016 2550 lateque
1069 2469 1237 2552 ofligaudos,

103 2554 195 2614 donec
210 2547 302 2632 Reges
322 2557 352 2611 et
370 2553 494 2634 populos
514 2549 617 2632 quibus
636 2551 715 2633 prius
727 2551 846 2626 ,fueraut
866 2537 995 2623 obnoxii
1011 2485 1069 2609 ab
1067 2549 1236 2631 obsequium

102 2637 213 2713 coguut.
236 2633 360 2692 Gladios
378 2637 474 2692 autem
493 2633 619 2714 duplicis
634 2631 752 2691 ortavel
766 2637 908 2712 ancipites
921 2627 1057 2714 intellige,
1076 2629 1234 2711 quintrim·

103 2729 162 2792 quc
181 2709 327 2771 sciudmnr
347 2711 414 2790 quia
434 2717 503 2772 tunc
522 2712 610 2790 volgo
629 2727 687 2771 uua
706 2717 767 2772 erat
786 2711 884 2793 gladiis
903 2711 985 2770 acies.

15 2807 18 2817 '
116 2819 121 2824 ·
181 2789 215 2852 7.
241 2789 295 2850 Aa
317 2791 492 2888 fuciendpm
521 2793 689 2888 uindictam.
727 2787 793 2850 Hoc
820 2795 897 2850 certe
921 2796 981 2851 lam
1005 2785 1084 2850 exilii
1106 2793 1236 2884 tempure

104 2865 1109 3032 itiitiiiiiffi'iiiiiltitt‘tttiitiiiiiiiii
1128 2867 1237 3030 itit

105 3028 206 3087 vicinis
225 3027 363 3091 Gentibus
381 3029 480 3111 logum
499 3029 702 3109 imposuerint,
731 3027 786 3088 luit
810 3035 906 3088 tamen
930 3026 987 3087 boc
1010 3028 1149 3088 duntaxat
1173 3043 1236 3087 um-

105 3107 208 3169 bratile
227 3108 412 3187 praeludium,
433 3109 511 3190 quud
530 3109 592 3190 pias
612 3114 720 3167 meotes
741 3107 795 3168 alio
816 3107 939 3168 duceret
972 3103 1031 3167 Sed
1052 3107 1235 3188 quemadmo-

105 3189 176 3247 dum
197 3183 394 3268 Haggaeus‘t,
414 3193 462 3252 10.
488 3195 558 3248 tune
582 3185 723 3248 clamabat
747 3187 865 3266 glorium
892 3187 1009 3248 secundi
1028 3187 1128 3267 templi
1147 3189 1236 3248 maio·

106 3287 169 3327 rem
188 3263 250 3326 fore
291 3284 357 3326 uam
376 3269 491 3347 prioris:
510 3269 549 3326 ita
569 3267 617 3327 bie
637 3268 811 3348 promittitur
830 3273 919 3326 status
939 3267 1048 3328 felicior
1068 3285 1155 3346 quam
1169 3264 1236 3327 om·
1264 3323 1267 3332 .

106 3347 190 3406 uibus
209 3285 311 3405 secubo
330 3347 490 3444 eustidsmt.
510 3343 588 3443 Ergo
649 3345 764 3406 amlibet
783 3347 923 3442 immiputl
941 3352 1036 3440 esseut
1054 3344 1159 3419 ludaei,
1177 3365 1236 3437 res-

107 3421 1238 3586 tii..‘⁰.'itfiti·i.ii?iti...iiiiiimittitinti'iti

107 3589 272 3644 astantum
291 3587 419 3666 precario
439 3585 598 3652 babitarent
610 3584 834 3662 Hierosolymae,
853 3581 911 3643 fida
930 3603 979 3644 eos
998 3581 1132 3666 amplecti
1151 3605 1237 3666 opor-

108 3665 165 3724 tuit
184 3663 263 3744 quod
282 3665 371 3725 videri
393 3671 503 3744 poterat
522 3685 575 3746 pro
595 3683 680 3724 seusu
701 3665 793 3724 carnis
811 3662 989 3738 fabulosum,
1018 3671 1048 3723 et
1066 3665 1178 3724 suimus
1198 3674 1238 3724 at-

108 3742 209 3804 tollere
228 3744 263 3803 ad
284 3745 450 3803 immensum
470 3743 525 3804 liei
545 3745 716 3824 potentium,
746 3761 820 3824 quae
844 3742 925 3803 iacile
950 3745 1044 3803 omnia
1070 3745 1169 3805 muudi
1189 3745 1239 3804 ob·

109 3823 217 3884 staeula
237 3829 361 3904 superat.
392 3823 551 3884 Vindictam
572 3825 608 3883 de
627 3835 684 3904 qua
704 3822 839 3902 loquitur,
858 3823 982 3905 intellige
1001 3843 1059 3882 nou
1079 3843 1166 3904 quam
1185 3825 1239 3906 ipsi

109 3902 252 3964 lsrailitae
272 3903 374 3981 privati
395 3903 501 3963 doloris
520 3901 646 3986 impulsu
664 3904 806 3983 sumpturi
826 3907 921 3978 erent,
945 3901 995 3962 sed
1015 3901 1071 3962 Dei
1090 3903 1239 3965 mandatos

109 3983 230 4062 nequis
249 3980 316 4040 hinc
335 3981 459 4064 colligat,
479 3983 559 4042 uobis
578 3985 663 4042 licere
682 3981 798 4056 iniurius
819 3988 929 4042 uestras
949 3981 1055 4041 ulcisci.
1085 3981 1239 4045 Proximus

110 4071 219 4133 versus,
240 4061 287 4120 ubi
299 4063 421 4144 Regum
435 4073 462 4123 et
474 4085 629 4144 procerum
643 4061 676 4122 tit
694 4061 812 4134 mentio,
832 4057 1238 4151 amplificationem'coutiucti
1271 4101 1273 4108 ,

111 4142 178 4220 quie
197 4143 221 4200 si
241 4147 352 4200 tautum
373 4142 408 4202 de
429 4143 541 4224 populis
561 4149 590 4202 ct
609 4141 747 4202 Gentibus
765 4139 903 4222 loquutus
922 4148 1010 4215 esset,
1034 4144 1163 4224 rutinagi
1184 4143 1239 4204 boo

112 4226 225 4302 poterut
243 4220 279 4280 ad
299 4220 437 4301 ignobiles
457 4229 486 4282 et
506 4223 656 4303 gregarios.
678 4221 741 4299 Hoc
760 4230 855 4281 outcm
875 4221 960 4302 louge
979 4221 1163 4303 splendidius,
1183 4221 1239 4284 Re·

4 4364 54 4422 u.
110 4301 964 4461 it...titbttiiitit‘ii‘iiit“iiiiii
982 4301 1241 4444 iiiiii}

111 4459 256 4537 Christus,
285 4479 432 4544 uunquam
461 4462 606 4525 dimidiam
634 4403 706 4524 sinu
729 4403 889 4546 splebdoris
916 4404 1029 4545 ξέτῑωι
1058 4405 1241 4546 ouusbbctum
