2874 4888
198 277 254 335 100
469 221 476 272 i
622 277 907 360 rerurnup

200 400 334 477 hominii,
353 397 485 500 dislrplrie
500 406 530 462 et
549 400 636 491 quasi
649 399 778 538 diesippri
797 402 827 460 in
847 401 940 498 vprim
960 407 1064 483 parter,
1085 345 1177 498 donee
1195 399 1334 500 Deuanad
1422 453 1423 460 ,

199 499 231 544 ae
250 476 402 542 eolleetdm
422 499 451 540 ιιι
470 478 556 540 1ἰιιιιο
580 486 718 561 utaequa
739 481 768 540 rlr
789 480 964 541 obedrerrtiae
982 490 1080 540 tenore
1099 487 1227 541 retrneet.
1243 479 1334 543 ‘liene

8 537 9 544 ¹
77 601 81 613 ι
166 551 171 572 ”
199 564 287 623 etiarn
306 567 385 658 patet
404 558 471 640 quid
491 577 543 643 per
561 577 595 620 aa
613 558 733 620 liberum
751 560 899 621 arbitrium
918 560 1020 621 valeat.
1060 558 1135 621 Nem
1159 581 1250 641 quum
1275 565 1334 624 aiut

198 642 273 704 dnae
291 657 352 702 erus
373 635 536 713 bonitates,
558 645 681 718 utraque
699 657 731 698 re
750 639 865 699 destitui
885 639 991 702 fatetur
1011 638 1245 716 Darid‚2lumerr
1264 641 1355 724 sps·

197 724 268 782 ritus
287 721 381 781 sancti
399 719 527 780 meditati
546 721 651 778 mentis
674 736 742 778 suae
767 737 929 802 opponenae
957 726 988 781 et
1011 721 1107 782 eordia
1131 720 1333 784 murorum

196 799 343 862 affirmans
362 817 472 860 merum
491 817 554 860 esse
572 797 629 859 Dei
648 794 765 860 dunum.
1025 811 1028 824 ·
1203 807 1218 842 t
1237 811 1241 824 ’

8 1077 10 1090 7
112 991 119 1006 ‘
251 985 254 994 '
287 991 339 1059 12.
372 987 546 1076 celebrabo
574 999 606 1060 te
628 987 768 1060 Domine
789 987 880 1059 Deos
906 989 951 1058 mi
978 989 1010 1058 in
1039 962 1108 1059 tolo
1131 992 1225 1060 corde
1247 1015 1334 1080 meu,

196 1109 230 1169 et
250 1096 431 1191 glorificabo
453 1118 573 1166 nornen
595 1106 687 1166 tuum
710 1106 882 1188 perpetuo:
911 1098 963 1166 13.
985 1097 1069 1184 Quia
1088 1096 1255 1168 clementia
1275 1111 1333 1170 tu·

194 1223 307 1298 magna
328 1203 388 1271 tuit
407 1223 503 1294 super
524 1224 594 1290 me,
621 1212 653 1271 et
679 1201 816 1271 liberasti
842 1203 981 1270 animam
1008 1225 1114 1272 meum
1135 1227 1154 1272 e
1177 1205 1331 1300 sepulcro

193 1309 341 1380 inferiori.
377 1301 432 1378 14.
453 1307 552 1390 Deus,
573 1307 701 1399 'superbi
722 1320 926 1378 surrexerunt
947 1321 1056 1378 contre
1078 1334 1141 1394 me,
1163 1321 1195 1380 et
1216 1323 1332 1382 coetus

191 1403 396 1486 robustorr'rm
417 1416 619 1508 quaesierunt
638 1415 776 1484 animam
802 1427 978 1486 rucuma-et
1003 1440 1070 1484 non
1092 1427 1270 1487 statuerunt
1292 1429 1329 1488 le

192 1521 226 1592 in
253 1533 426 1614 conspeetu
452 1544 521 1588 suo.
566 1523 618 1592 1¹5.
634 1519 692 1588 'Et
719 1531 755 1588 trr
784 1519 924 1590 Domine
951 1520 1042 1590 Deus
1070 1518 1263 1609 misericors,
1295 1533 1332 1593 et

67 1669 72 1678 ·
192 1651 371 1726 propensus
392 1627 432 1696 ad
453 1627 598 1720 gratiamr
623 1627 794 1720 proculab
817 1627 876 1711 iro,
903 1637 936 1698 et
955 1627 1076 1698 multus
1103 1627 1269 1698 elementia
1295 1641 1332 1700 et

191 1736 333 1806 veritates
356 1735 409 1804 16.
430 1733 563 1826 Respice
584 1734 625 1802 ad
646 1758 709 1818 me,
729 1743 763 1803 et
784 1733 1031 1804 misereremei:
1053 1733 1093 1802 du
1114 1736 1212 1804 robur
1232 1747 1328 1803 tuum

191 1865 286 1910 servo
313 1851 387 1926 ruo,
419 1851 452 1909 et
478 1861 568 1909 servs
596 1839 697 1908 tilium
726 1839 855 1908 ancillae
887 1849 970 1908 tuoe.
1017 1841 1068 1908 17.
1102 1840 1167 1909 Fue
1198 1865 1329 1910 mecum

192 1949 319 2042 signum
345 1946 385 2018 ad
412 1935 665 2020 beneticentiumr
693 1957 726 2016 et
746 1938 899 2016 videbunt
925 1945 1091 2016 adversarii
1113 1947 1192 2032 mei,
1217 1957 1250 2018 et
1270 1972 1329 2040 pu·

192 2055 322 2136 delient,
354 2054 428 2146 rprirr
459 2064 497 2122 tu
528 2049 646 2122 lelrovrr
678 2051 851 2122 auxiliatus
881 2076 917 2124 es
948 2052 1042 2139 milri,
1079 2063 1113 2124 et
1142 2053 1328 2122 consolatur

191 2183 226 2230 es
248 2183 312 2230 me.

270 2308 320 2367 12.
349 2305 503 2374 Gelebmio
521 2313 559 2366 le.
599 2301 745 2365 Promittit
762 2301 828 2366 Deo
847 2303 1045 2386 gratitudinem
1065 2309 1218 2384 postquam
1238 2303 1327 2366 irene·

191 2385 278 2448 licum
294 2381 406 2446 Patrem
422 2385 514 2446 modis
528 2383 659 2444 omnibus
673 2391 809 2468 expertus
823 2384 917 2445 luerit.
941 2382 1040 2444 Sicuti·
1052 2391 1147 2444 eutem
1168 2403 1219 2444 coe
1237 2403 1325 2446 srrrrnr

190 2468 265 2527 uniri
285 2463 350 2525 Deo
370 2467 453 2545 petiit
471 2466 506 2524 ad
526 2481 597 2524 auur
613 2467 785 2536 timendum,
809 2465 849 2523 ila
873 2481 931 2524 uon
955 2467 1072 2522 ererum·
1091 2481 1141 2523 ora
1160 2463 1206 2523 vet
1224 2463 1324 2543 lingua

190 2565 222 2606 ee
245 2543 363 2605 laudum
386 2545 448 2605 eius
472 2544 533 2604 iore
558 2560 725 2624 praeconem
751 2543 833 2615 dicit,
862 2543 912 2602 red
936 2561 973 2602 err
996 2543 1071 2602 serio
1095 2541 1323 2618 commaticum,

188 2626 276 2705 idque
294 2629 465 2686 ooosteorer.
487 2623 610 2683 Cromna
630 2623 730 2682 deinde
744 2622 866 2694 subiicit,
884 2620 1043 2724 puialhua
1056 2623 1086 2681 iu
1101 2621 1323 2702 ipeolilrmudo

189 2723 287 2766 rarum
311 2711 342 2764 et
366 2703 549 2764 memorabile
572 2702 781 2762 misericordiae
805 2717 874 2761 suae
897 2701 1041 2780 epeelmeu
1064 2701 1213 2763 ediderat·
1238 2701 1324 2764 ilaue

188 2800 258 2846 vero
284 2775 389 2864 gratiae
408 2782 629 2863 magnitudinem
649 2799 707 2861 quo
727 2782 828 2842 melius
846 2781 983 2858 illustret,
1006 2783 1173 2863 sepulerum
1190 2785 1323 2866 inser-isra

97 2893 101 2902 ·
188 2865 317 2926 nominat
335 2863 485 2922 discrimen
505 2861 574 2921 illud
595 2862 671 2921 nude
689 2868 804 2941 ereptus
823 2860 929 2921 irreratr
954 2861 1014 2922 auri
1037 2862 1156 2937 domm,
1179 2881 1238 2923 nou
1263 2881 1322 2924 oea

188 2945 242 3015 vel
256 2941 376 3022 simplici
397 2939 491 3002 motta
510 2939 646 3000 ae‘iuisre
665 2939 825 3000 detemum.
854 2941 904 3000 sed
929 2940 1089 3002 demersum
1109 2941 1140 3002 iu
1159 2943 1322 3023 pmiundre·

187 3025 261 3084 aimo
281 3021 421 3124 repulere,
441 3019 479 3080 ut
492 3037 609 3080 rrrarrrrnr
628 3018 720 3080 aileu
740 3019 903 3084 mirabiliter
921 3021 1028 3101 porrigi
1047 3024 1213 3100 oportuerit.
1234 3021 1322 3082 Nune

187 3119 277 3182 quum
298 3101 403 3161 (tirristi
422 3103 510 3182 gretie
530 3101 619 3180 erepti
638 3103 726 3159 simus
750 3115 787 3160 οι
811 3101 911 3160 allium
934 3103 1034 3162 mortis
1057 3099 1178 3179 abysso,
1202 3103 1321 3163 minime

186 3179 355 3242 excusabilia
375 3187 472 3240 nostra
490 3180 661 3259 ingratitudo
681 3181 748 3254 erit,
773 3181 826 3239 nisi
851 3199 882 3240 re
906 3182 1028 3260 quiaque
1046 3199 1100 3262 pru
1120 3182 1194 3240 virili
1215 3184 1243 3240 irr
1263 3181 1321 3242 trae

185 3261 350 3322 liberatione
362 3260 556 3342 ‘pruedieauda
581 3267 721 3320 exercent.
762 3258 834 3320 Nero
854 3261 878 3320 si
898 3257 954 3319 Dei
973 3281 1079 3321 uomere
1097 3267 1248 3340 tantopere
1266 3279 1319 3320 ex·

56 3355 62 3374 ‘
185 3341 252 3402 rotis
263 3339 357 3400 David
378 3346 495 3420 propter
514 3341 602 3399 vitam
621 3340 657 3398 rrd
677 3339 764 3399 breve
782 3346 895 3419 tempus
914 3347 1106 3420 prorogatam,
1126 3359 1199 3422 quae
1218 3340 1320 3400 laudea

185 3425 312 3483 meretur·
330 3417 558 3501 incomparabilis
576 3421 629 3478 isla
650 3419 817 3558 redemptio,
837 3437 894 3498 qua
913 3419 1034 3479 traducti
1053 3439 1151 3482 sumus
1166 3421 1203 3482 ab
1217 3420 1318 3482 inieris

184 3502 222 3563 ad
241 3500 372 3560 eoelum?
403 3498 491 3578 Quod
513 3497 642 3579 Papistea
667 3498 734 3559 trine
779 3499 953 3578 negatorirrm
977 3517 1061 3558 suum
1079 3499 1180 3560 elicere
1200 3507 1316 3560 conten·

183 3583 342 3740 drplpghpesi
362 3587 438 3642 auset
457 3579 583 3639 interum
603 3580 745 3660 superior:
765 3580 848 3639 nimis
867 3578 998 3660 putidum
1007 3584 1060 3654 eet,
1075 3597 1130 3640 rree
1144 3578 1321 3640 refutatione

182 3681 425 3880 {Letous
442 3735 870 3898 uerterit
884 3735 1256 3880 editioris
1272 3735 1318 3878 t*

182 3905 259 3961 caret
278 3897 416 3957 crudeles.
456 3894 518 3976 Ego
541 3903 636 3956 tamen
661 3897 738 3976 qnod
757 3898 900 3977 receptiua
921 3901 982 3956 erat
1000 3898 1082 3980 sequi
1102 3861 1198 3957 maini.
1238 3853 1316 3960 Noui
1366 3871 1369 3881 Ι

182 3997 272 4118 porum
292 3981 373 4045 nl'tt
392 3973 512 4056 Hebraei
533 3977 670 4072 opperirer
690 3980 804 4050 vocent,
823 3974 955 4072 credibile
974 3983 1027 4048 est,
1047 3983 1166 4058 propter
1184 3973 1314 4040 similitu·

203 4075 286 4128 ruem,
305 4063 330 4128 't
351 4063 491 4116 mutatum
512 4055 600 4113 fursee
618 4075 648 4114 ιιι
668 4061 707 4124 ff:
727 4062 756 4115 el
775 4053 876 4114 melrrra
895 4053 951 4115 hou
964 4055 1052 4116 modo
1066 4057 1313 4132 iluetountextua,

182 4138 252 4218 quia
269 4137 370 4196 eodem
389 4153 474 4232 spuerr
492 4133 630 4193 contiuuo
649 4139 716 4215 post
734 4134 1093 4270 ιΣρο1111.ιοόιιιίιιο,ἰιιιί
1113 4129 1239 4233 protento
1258 4138 1314 4197 im·

181 4224 254 4298 petu
272 4221 302 4276 at
318 4215 426 4276 lerona
444 4213 565 4274 mebant
583 4212 621 4272 ad
641 4212 745 4294 perdere
766 4233 827 4273 orne
847 4220 929 4274 ncutr
943 4231 1057 4288 sumne,
1076 4213 1126 4275 ultr
1144 4221 1245 4296 regnet
1264 4234 1312 4275 su·

180 4293 288 4377 perbis,
307 4293 377 4353 uilril
396 4309 458 4354 ease
477 4292 686 4359 moderationis.
722 4291 863 4374 Exprimit
882 4299 977 4353 eutem
997 4293 1103 4374 absque
1121 4293 1212 4374 figura
1232 4295 1313 4375 quod
1408 4293 1415 4300 ’

174 4385 274 4456 'nuper
292 4373 364 4434 dixit
383 4371 419 4433 da
438 4373 584 4454 sepuleroa
605 4373 672 4454 quia
691 4391 782 4454 quum
802 4392 892 4455 eguus
910 4379 985 4434 esset
1004 4374 1034 4433 in
1053 4372 1147 4433 medio
1166 4373 1312 4454 luporum,
