2890 4886
383 285 385 288 -
436 323 440 329 Ι
541 264 585 302 aa
615 263 774 330 essum.
803 265 850 304 cn.
993 285 999 308 ,
1216 267 1269 320 199
1299 271 1308 309 ν,
1414 267 1421 274 ·

127 389 227 447 antem
254 383 370 450 solitum
397 383 506 456 vietum
524 385 658 465 omitlpnt
677 384 784 460 fideles,
805 383 874 446 dum
894 386 1055 446 voluntario
1067 386 1178 470 ieiunio
1196 389 1269 448 iram

129 461 189 524 Dei
215 462 384 542 suppliciter
403 463 604 544 deprecanturz
629 485 687 524 non
708 470 801 524 tamen
827 464 1062 544 debaoincdiae
1081 469 1173 544 specie
1191 485 1268 526 nuuc

129 543 262 622 loquitur
282 541 435 622 Propheta,
456 543 504 604 sed
526 564 612 624 quam
633 545 714 604 alleri
738 545 829 604 orator
854 545 895 602 vis
920 546 1047 604 tristitiae
1067 563 1122 604 una
1143 566 1208 604 cum
1228 549 1268 606 ci·

126 623 237 684 borum
258 621 371 682 fastidio
390 629 421 683 et
440 624 533 684 taedio
555 644 648 684 rerum
670 625 804 684 omnium.
835 621 962 686 Tandem
971 624 1048 686 addit
1058 643 1163 706 corpus
1182 625 1267 686 tuisse

125 701 210 784 quasi
233 700 369 774 tabidum,
390 707 505 762 utossa
526 705 584 762 cuti
604 703 845 764 adhaerescerent.
1306 689 1312 714 '

122 853 127 861 ¹
212 783 241 844 7.
262 784 495 864 Similtssuclus
513 806 587 846 eum.
627 781 687 844 Pro
711 785 826 844 nortrine
841 785 980 864 pelicani,
1005 781 1051 843 alii
1071 775 1267 857 onocrotalon,
1305 775 1314 790 ⁸

123 860 173 920 alii
202 861 348 923 cucullum
373 870 500 942 ponunt,
526 873 583 944 pro
603 861 717 926 bobone
744 863 869 924 Graecus
893 865 1030 944 interpres
1056 864 1265 942 nycticoracem

120 940 258 1002 reddidit.
297 939 355 1000 Sed
376 943 443 1026 quia
463 962 531 1002 aves
550 948 617 1002 sunt
637 942 746 1004 ludaeis
767 960 881 1024 quoque
908 943 1077 1022 incognitae,
1102 943 1266 1022 simpliciter·

123 1029 224 1080 tenere
253 1019 392 1094 sufficiat,
416 1023 508 1082 notari
534 1021 590 1082 boc
615 1041 701 1082 versu
725 1023 850 1082 funestas
870 1042 951 1096 aves,
972 1041 1045 1102 qnae
1064 1025 1094 1082 in
1113 1021 1266 1081 latebrosis

96 1092 102 1107 ¹
124 1097 275 1160 montibus
296 1120 331 1160 ac
350 1101 467 1161 desertis
478 1099 616 1176 habitant,
637 1103 984 1182 quarumadeoamoeous
1005 1109 1035 1161 et
1050 1102 1145 1162 suavis
1166 1105 1267 1160 cantus

123 1186 262 1256 nonest,
287 1188 319 1240 ut
345 1179 493 1240 horrorem
519 1181 615 1262 potius
641 1181 773 1242 incutiat:
799 1182 857 1240 acsi
877 1181 991 1256 diceret,
1011 1197 1042 1242 se
1062 1179 1097 1246 ab
1117 1181 1266 1242 bominum

124 1255 334 1332 consuetudine
364 1268 505 1322 centetum
529 1259 649 1320 similem
678 1281 769 1342 prope
798 1260 885 1323 tuisse
914 1260 1019 1321 bestiae
1049 1261 1182 1320 silvestri.
1227 1259 1266 1320 Et

124 1346 205 1410 certe
226 1340 357 1420 quamvis
378 1339 511 1422 degerent
530 1339 627 1400 fideles
647 1341 678 1400 in
697 1341 812 1422 regione
831 1340 907 1400 culta
932 1347 961 1400 et
981 1340 1075 1416 lertili,
1095 1345 1205 1400 certum
1225 1347 1265 1400 ta·

124 1439 193 1478 men
215 1427 258 1478 eat
279 1424 369 1488 totam
380 1417 560 1494 chaldaeam·
572 1426 601 1481 et
610 1417 760 1500 Assyriam
779 1421 869 1480 instar
879 1419 979 1479 deserti
999 1420 1054 1479 illis
1069 1419 1164 1496 luisse,
1176 1439 1266 1498 quum

123 1495 281 1578 Templum
301 1493 329 1558 e't
349 1501 440 1580 patria
461 1501 536 1563 unde
549 1502 630 1560 eiecti
650 1507 740 1572 erant,
761 1499 908 1560 obstrictas
918 1505 1026 1563 teneret
1035 1519 1135 1558 eorum
1145 1505 1262 1558 mentes.

123 1575 223 1638 Tertia
243 1577 398 1638 similitudo
417 1599 435 1639 a
455 1597 567 1660 passere
588 1586 711 1660 sumpla,
730 1579 841 1645 luctum
860 1579 1061 1659 inquietudinis
1080 1578 1196 1659 plenum
1218 1577 1264 1642 de·

123 1664 218 1718 notat.
238 1653 299 1717 Etsi
309 1659 384 1718 enim
405 1664 494 1728 ἾἹΒΚ
513 1658 670 1740 quamlibet
689 1678 772 1720 avem
793 1659 941 1739 significat,
961 1657 1008 1718 hie
1020 1666 1114 1717 tannen
1135 1679 1193 1717 non
1215 1658 1263 1716 du-

122 1731 187 1798 bito
213 1757 266 1818 pro
290 1757 404 1818 passere
428 1739 525 1820 accipi.
565 1735 731 1799 Solitariam
757 1745 854 1800 autem
874 1746 968 1810 vocat,
989 1740 1055 1817 quia
1077 1737 1208 1797 viduatus
1228 1737 1265 1796 sit

124 1834 271 1897 compare.
313 1815 425 1876 Scimus
451 1827 546 1878 autem
570 1818 696 1878 aviculas
721 1819 785 1878 illas
809 1826 868 1880 tam
894 1819 1074 1900 impatienter
1097 1817 1265 1878 viduitatem

124 1897 210 1974 terre,
231 1904 264 1958 ut
282 1895 341 1958 iere
360 1897 470 1958 luctum
490 1918 605 1960 omnem
624 1905 767 1980 superent.

215 2097 248 2166 9.
271 2090 422 2182 Quotidie
444 2097 673 2188 exprobrarunt
693 2097 772 2164 mibi
787 2097 903 2166 inimici
919 2097 997 2164 mei:
1020 2107 1053 2165 et
1072 2095 1264 2164 insanientes

94 2203 159 2270 ein
182 2227 235 2270 me
257 2227 315 2290 per
335 2227 388 2270 me
410 2203 559 2270 iurarunt
607 2203 659 2270 10.
681 2203 762 2288 Quia
785 2203 949 2294 pulverem
975 2213 1126 2294 tanquam
1147 2223 1264 2294 panem

125 2310 261 2392 comedi,
287 2319 320 2378 et
341 2319 453 2400 potum
479 2333 591 2378 meum
619 2331 693 2378 cum
720 2311 797 2378 fletu
824 2308 946 2378 mbeui.
992 2309 1045 2376 11.
1066 2307 1097 2376 A
1122 2309 1199 2376 faeie
1222 2309 1265 2374 in·

126 2415 313 2508 dignationis
340 2425 468 2486 tuaest
495 2415 557 2483 irae
580 2425 669 2484 tuae:
692 2415 765 2505 quia
792 2413 932 2482 extulisti
956 2437 1024 2500 me,
1052 2423 1085 2482 et
1107 2414 1264 2505 proiecisti

124 2547 188 2590 me.
236 2521 287 2590 12.
310 2521 388 2590 Dies
409 2521 473 2590 mei
494 2531 646 2613 tanquam
660 2522 778 2590 'umbra
800 2517 954 2604 inclinata,
976 2531 1010 2588 et
1030 2543 1089 2612 ego
1112 2531 1264 2612 tanquam
1297 2552 1298 2561 κ

123 2627 222 2696 herba
244 2627 320 2697 srvi.

101 2773 109 2780 '
206 2775 235 2836 9.
257 2775 402 2848 Quotidie.
448 2769 510 2832 Hae
540 2771 751 2835 circumstantia
780 2771 833 2832 sibi
861 2766 1081 2846 misericordiam
1110 2768 1264 2846 conciliant

126 2852 236 2926 fideles,
256 2853 333 2932 quod
354 2849 482 2912 hostibus
502 2855 560 2912 suis
579 2872 638 2914 uon
657 2858 770 2912 tantum
790 2852 847 2912 siut
866 2851 998 2926 ludibrio,
1018 2851 1163 2912 sedetiam
1182 2870 1263 2911 exse-

128 2931 260 2994 crationi.
289 2929 336 2992 De
356 2931 411 2992 hae
429 2950 497 3011 ergo
517 2931 682 3012 indignitate
703 2933 887 3012 conqueritur
897 2929 1050 3012 Propheta,
1072 2930 1151 3011 quod
1170 2931 1262 2990 electo

126 3009 183 3072 Dei
219 3011 307 3092 opulo
317 3012 396 3092 impii
416 3017 474 3085 lam
494 3011 632 3092 probrose
652 3011 796 3086 insultent,
816 3019 849 3071 ut
863 3013 1129 3072 etiam'mutuentur
1144 3031 1182 3072 ex
1202 3011 1263 3070 eius
1309 3019 1313 3028 '

127 3033 254 3154 cladibus
278 3091 389 3152 iurandi
412 3089 573 3173 lqrmulam.
595 3089 677 3151 ¹Hoc
700 3097 797 3156 autem
821 3091 874 3152 luit
898 3089 1017 3150 ludaeos
1043 3110 1156 3150 sumere
1181 3092 1263 3172 quasi

127 3173 237 3253 insigne
266 3165 470 3232 maledictionis
499 3171 653 3250 exemplar.
693 3167 790 3241 Hodie¹
815 3191 885 3233 vero
920 3190 1009 3250 quum
1040 3189 1181 3251 peraeque
1210 3168 1264 3232 sibi

128 3253 207 3312 irena
231 3250 329 3310 laxent
355 3251 435 3330 impii
460 3250 495 3310 ad
521 3251 716 3330 petulantiam,
742 3247 946 3310 discamus'his
965 3249 1050 3310 armis
1070 3269 1123 3309 nos
1143 3251 1264 3320 munire,

129 3351 203 3413 quae
221 3329 278 3392 hoc
297 3330 460 3390 tentationis
478 3349 568 3412 genus
588 3329 743 3410 quamlibet
762 3349 894 3408 asperum
914 3335 1054 3409 superent
1096 3326 1169 3388 Nam
1196 3329 1262 3410 Spi-

128 3414 199 3488 ritus
218 3415 333 3472 sanctus
352 3406 427 3469 bano
451 3410 584 3492 precandi
608 3410 729 3470 formam
754 3407 900 3484 dictando,
925 3408 1020 3466 testari
1042 3407 1145 3482 voluit,
1164 3407 1262 3468 Deum
1307 3473 1314 3484 ,

129 3489 232 3552 talibus
252 3489 429 3551 contumeliis
448 3491 558 3548 moveri
579 3487 687 3548 ut‘suis
707 3491 863 3559 succurrat,
883 3481 1121 3568 quemadmodum
1143 3487 1263 3548 babetur
1302 3498 1310 3512 ‘

129 3571 207 3652 apud
225 3569 343 3632 lesaiam
363 3571 412 3643 37,
431 3573 479 3632 23.
511 3567 605 3646 Quem
626 3567 736 3650 probris
755 3567 890 3630 affecisti?
909 3574 939 3626 et
958 3570 1002 3626 cui
1023 3568 1194 3627 convitiatus
1214 3569 1263 3626 es?

130 3658 229 3715 eontra
248 3670 336 3730 quem
354 3649 486 3710 exaltasti
504 3649 624 3713 vocem?
643 3668 746 3788 nempe
772 3655 871 3708 contra
891 3645 1029 3707 Sanctum
1051 3637 1169 3707 lsratlii.
1210 3645 1280 3707 Db.

129 3737 211 3794 xerat
234 3737 330 3790 autem
354 3729 487 3810 proximo
508 3736 687 3801 antecessu,
721 3729 847 3808 lespcxit
871 3733 908 3802 te,
932 3726 991 3786 lilia
1016 3725 1101 3787 Sion:
1127 3734 1262 3808 superte

130 3811 272 3872 concussit
291 3816 385 3889 eaput,
406 3809 463 3868 filia
482 3805 642 3868 Ierusalem.
672 3803 847 3868 Hoeocerte
866 3803 1078 3866 inaestimabilis
1097 3811 1140 3866 cst
1159 3825 1262 3866 conso-

130 3889 208 3964 latio,
232 3891 374 3970 protervia
399 3887 523 3948 hostium
548 3896 713 3948 nostrorum
739 3888 829 3968 magis
853 3887 969 3950 accendi
988 3885 1098 3959 Deum,
1122 3891 1155 3944 ut
1174 3905 1205 3946 se
1225 3885 1262 3946 ad

51 4025 59 4042 ,
130 3989 213 4050 opem
234 3965 316 4028 uobis
335 3967 479 4028 serendam
503 3969 640 4047 accingat.
680 3963 813 4028 Secundo
838 3968 967 4028 mernbro
992 3966 1154 4027 erudelitate
1251 4001 1262 4014 ·
1427 3977 1428 3986 ¹

130 4051 214 4112 stium
234 4048 323 4128 magis
341 4049 484 4128 ¹exprimit¹
493 4050 604 4130 furere
623 4047 787 4107 eosdicens.
814 4043 914 4126 Quum
932 4053 1029 4106 autem
1047 3985 1204 4130 verbum&
1233 4048 1262 4112 Π
1368 4061 1373 4070 ’

131 4127 268 4212 significet
289 4133 322 4186 ut
361 4127 495 4191 lurimnm
515 4126 638 4202 laudare,
657 4135 754 4208 posset
774 4147 826 4208 per
845 4123 1019 4208 antiphrasin
1033 4123 1115 4200 sumi,
1136 4121 1195 4204 Qui
1215 4143 1262 4184 me
1427 4135 1428 4148 ¹

131 4211 303 4290 vituperant.
332 4149 389 4266 deo
411 4211 535 4286 praestat
554 4207 634 4286 sequi
654 4205 733 4286 qnod
752 4227 807 4266 usu
827 4207 916 4286 magis
935 4211 1079 4286 receptum
1091 4211 1142 4265 est.
1172 4202 1261 4282 Quod
1302 4265 1306 4281 ,

131 4296 225 4351 autem
245 4287 410 4346 existimant
430 4285 544 4364 quidam
565 4285 661 4345 vocari
680 4287 804 4362 insanos,
824 4288 874 4364 qui
888 4303 968 4345 suam
988 4285 1139 4344 amentiam
1159 4283 1262 4366 prode,

131 4365 208 4446 bant,
226 4373 260 4426 ut
279 4370 421 4426 constaret
445 4384 476 4424 re
496 4366 555 4446 ipsa
581 4363 662 4426 nibili
680 4384 743 4428 esse
764 4365 903 4444 homines,
926 4365 984 4426 imo
1001 4363 1086 4455 ¹quasi
1105 4363 1213 4426 faecem
1232 4367 1262 4425 et
