2874 4888
188 300 242 362 158
618 303 906 346 scamaros

190 427 259 487 dnm
279 425 315 486 ab
335 445 370 485 eo
389 425 503 506 negligi,
522 423 573 485 sed
592 445 659 486 enm
678 427 830 488 iniustitiae
850 428 1003 502 insimulat,
1024 429 1082 489 arsi
1103 429 1245 491 desereret
1259 451 1331 492 snos

139 577 145 584 ⁶
190 509 322 580 cultores,
343 507 538 584 scelerumque
556 505 699 568 licentiam
718 509 902 587 permitteret.
938 506 1025 586 Quod
1046 511 1070 568 si
1089 511 1225 570 iustitiam
1246 531 1331 572 suam

189 589 313 646 illustrat
333 584 421 658 Deus,
442 584 578 666 reprobos
599 587 771 662 ulciscendo,
792 595 871 647 certo
891 595 1014 648 statuere
1034 589 1108 662 lieet,
1129 583 1265 670 quiequid
1287 593 1330 650 se·

188 667 303 734 linitam
322 665 459 738 obtinent,
473 667 595 744 'pessimi
614 667 694 726 exitii
714 687 775 726 esse
796 667 983 746 praeludium.
1009 665 1046 727 Et
1068 665 1210 750 Propheta
1231 669 1331 730 Deum

47 736 51 744 ’
122 812 124 822 Α
176 747 336 826 ‘appellans
355 767 458 824 nepem
476 767 577 822 uram,
607 765 639 804 sn
658 765 757 806 rursus
776 747 896 808 ineludit
914 749 944 808 in·
963 760 1067 810 eomnn'
1084 769 1204 811 numero
1224 751 1332 832 quibus

188 825 271 889 Deos
289 825 427 904 iustitiam
446 843 528 887 suam
547 825 577 888 ia
597 826 703 888 tuenda
722 847 823 888 eorum
844 828 937 894 salute
955 828 1154 892 manifestabit
1183 911 1187 918 Ι

513 1174 847 1290 ΡδΑὺΜϋξ
891 1177 1003 1247 ΧΟΙΙΙ.

187 1349 253 1392 m.
267 1348 336 1392 Initio
351 1345 446 1389 celebrat
458 1345 580 1391 insumo:
592 1349 637 1391 Dei
648 1323 757 1404 pluriam,
775 1349 850 1392 &tude
863 1347 1020 1402 oddttfideten
1032 1361 1079 1392 esse
1083 1379 1091 1406 ,
1109 1355 1135 1392 ut
1151 1363 1206 1393 nos
1222 1363 1333 1408 susp-uss

257 1421 396 1492 snstprtsr,
409 1419 447 1474 qm·
454 1419 615 1472 musaeum
627 1421 675 1461 eise
689 1419 790 1476 cupisti,
803 1421 861 1463 intes·
877 1420 951 1463 nudi
957 1419 1071 1476 procella
1081 1425 1103 1463 st
1112 1421 1252 1488 indusium,
1265 1429 1331 1466 tren·

267 1487 346 1552 quillis
357 1489 435 1531 asinis
447 1487 541 1532 colsu-
552 1495 687 1545 amnone.

231 1633 263 1700 1.
295 1627 414 1697 Iehova
435 1629 585 1721 regnavit,
611 1630 759 1697 decorem
780 1629 892 1713 induit,
913 1629 1017 1697 induit
1036 1629 1154 1700 lebova
1176 1629 1332 1700 fortitudi-

134 1783 140 1794 -
187 1759 273 1820 nem,
295 1733 430 1804 accinxit
445 1759 494 1804 se:
517 1735 612 1804 etiam
628 1735 765 1804 firmavit
781 1737 901 1821 orbem,
918 1759 986 1804 non
1002 1737 1190 1806 movebitur.
1212 1739 1244 1808 2.
1261 1739 1332 1808 Sta-

163 1842 250 1946 ·bile
271 1843 388 1910 solium
409 1853 518 1926 tuum,
540 1865 583 1911 ex
604 1852 683 1960 tune
704 1868 721 1910 a
744 1842 851 1911 seculo
873 1853 911 1911 tu
932 1865 978 1911 es.

269 2024 297 2082 1.
317 2024 429 2082 Ielnon
447 2031 595 2104 regnavit.
624 2021 762 2084 Videmus
782 2021 861 2103 quod
880 1999 973 2104 rinper
991 2023 1080 2104 attigi,
1100 2025 1130 2084 in
1150 2013 1207 2088 Dei
1226 2031 1328 2106 poten·

144 2152 148 2168 ,
189 2103 229 2161 lis
248 2101 329 2160 nobis
350 2105 472 2182 proponi
492 2103 612 2163 fiduciae
631 2105 791 2162 materiam:
822 2103 889 2184 quia
913 2101 981 2162 bine
1005 2102 1213 2184 utplurimum
1231 2111 1330 2165 metus

186 2188 216 2240 et
225 2180 385 2261 trepidatio,
405 2182 474 2240 dum
494 2201 546 2242 sua
565 2185 670 2242 virtute
690 2189 722 2241 ot
742 2203 795 2264 par
816 2188 886 2256 erat,
907 2203 965 2242 non
984 2183 1128 2242 induimus
1143 2181 1249 2256 Deum,
1268 2203 1329 2244 ma·

187 2261 322 2340 lignoque
341 2281 407 2320 eum
428 2281 481 2320 suo
500 2263 620 2342 imperio
641 2263 806 2342 spoliamus.
847 2261 913 2320 Non
939 2262 1076 2322 audemus
1096 2263 1212 2345 quidem
1232 2263 1330 2344 polam
1352 2269 1363 2300 x

187 2341 217 2400 id
237 2340 338 2413 tenere,
368 2341 418 2400 sed
439 2341 462 2399 si
482 2341 572 2422 probe
592 2342 708 2402 deeius
729 2343 932 2421 omnipotentia
953 2342 1080 2422 persuasi
1103 2361 1241 2408 essemus,
1260 2362 1329 2402 eon-

187 2427 234 2480 trs
259 2438 358 2479 onmes
381 2423 572 2480 tentationum
596 2422 717 2481 insultus
741 2422 847 2481 invieta
871 2420 953 2480 nobis
977 2419 1083 2480 fultura
1107 2428 1190 2480 esset.
1230 2419 1330 2482 Verbo

188 2499 316 2561 iatnntur
336 2519 434 2558 omnes
455 2501 533 2580 quod
554 2499 698 2582 Propheta
719 2499 766 2560 hie
785 2500 880 2574 docet,
902 2497 998 2559 mum
1022 2519 1154 2580 regnare:
1178 2500 1231 2560 sed
1257 2521 1328 2582 quo·

187 2579 359 2658 tesquisquo
378 2579 455 2638 hune
475 2580 626 2660 elypeum,
652 2587 686 2638 nt
709 2579 842 2652 deoehnt„
868 2581 1015 2638 contrariis
1036 2581 1139 2640 mundi
1155 2579 1257 2660 opibus
1278 2601 1329 2660 op·

211 2661 283 2733 anit,
306 2665 341 2717 ut
359 2651 430 2718 nihil
449 2667 559 2720 metuat
584 2661 766 2740 quantumvis
790 2659 988 2718 formidabile?
1026 2657 1108 2718 Haee
1129 2661 1215 2740 igitur
1237 2659 1330 2740 glorie

187 2673 245 2798 bei
263 2744 321 2810 est,
351 2757 405 2796 sno
425 2737 542 2798 arbitrio
562 2737 703 2798 moderari
723 2737 880 2798 humanum
906 2757 1008 2818 genus,
1039 2734 1172 2799 deodrmn
1191 2741 1330 2804 strodes

188 2821 310 2879 iuduere
330 2816 443 2892 dieitur,
461 2837 520 2876 non
540 2819 618 2898 qnod
638 2818 745 2898 aliquid
760 2819 788 2878 in
804 2835 839 2877 eo
854 2817 889 2878 ad
904 2819 1055 2877 ventitium
1075 2819 1223 2899 imaginari
1241 2839 1329 2900 opor-
1361 2870 1367 2884 ,

189 2903 263 2968 teat,
293 2897 344 2956 sed
369 2903 402 2956 nt
426 2900 541 2978 reipsa
566 2899 710 2978 sertisque
727 2899 935 2978 {experimentis
954 2897 1138 2973 demonstret,
1169 2898 1328 2959 admirabili

188 2976 296 3036 iustitia
316 2983 345 3035 et
364 2977 501 3057 sapientia
521 2997 552 3036 se
572 2978 670 3037 lovere
690 2977 847 3038 humanam
868 2997 965 3058 genus.
1001 2976 1093 3038 Porro
1116 2977 1210 3038 Deam
1229 2979 1331 3046 mundi

188 3075 289 3116 emam
309 3075 456 3136 nunquam
478 3056 611 3132 abiicere,
641 3058 676 3116 ab
697 3058 758 3138 ipsa
778 3059 921 3118 creatione
940 3057 1053 3138 probat.
1081 3056 1131 3117 'Er
1150 3064 1228 3117 serto
1248 3057 1330 3118 solus

186 3136 287 3196 mnndi
306 3135 457 3216 adspectus
476 3136 589 3198 abunde
608 3137 644 3198 ad
667 3137 826 3198 testandam
846 3136 902 3198 Dei
928 3139 1138 3218 providentiam
1163 3137 1245 3196 nobis
1269 3137 1329 3198 sui-

138 3237 142 3252 ·
188 3215 275 3276 linere
295 3215 419 3276 deberet.
460 3216 582 3277 (loetum
602 3217 729 3298 quotidie
747 3216 883 3292 belvilar,
913 3225 942 3277 et
961 3219 991 3276 in
1011 3218 1087 3277 mols
1105 3223 1202 3277 tantae
1221 3219 1330 3297 magni-

187 3297 296 3358 tudinis
315 3296 395 3356 nulla
414 3305 459 3356 est
477 3299 628 3357 eonoussio
655 3316 728 3392 puae
749 3297 924 3378 aequabilem
945 3314 1061 3360 cursum
1080 3297 1110 3360 in
1130 3305 1210 3356 tanta
1230 3297 1330 3357 eeleri-

186 3384 247 3436 tate
272 3375 426 3456 perturbet.
466 3375 520 3436 Sol
545 3397 635 3458 qurum
659 3397 689 3436 m
715 3379 834 3437 eireuitu
860 3377 1026 3457 quotidiano
1051 3395 1164 3457 semper
1182 3377 1341 3437 disemum
1427 3411 1428 3450 p

187 3457 365 3530 borreum,
387 3457 539 3536 quotannis
558 3459 588 3516 in
607 3457 682 3516 idem
703 3457 774 3519 redit
794 3463 941 3538 punctum.
969 3455 1104 3516 Planetae
1122 3457 1153 3516 in
1173 3459 1232 3516 suis
1251 3477 1331 3517 erro·

187 3535 267 3595 ribus
288 3536 439 3594 stationem
459 3543 555 3595 tamen
576 3553 658 3596 suam
677 3557 736 3596 non
757 3537 899 3598 deserunt.
939 3535 1027 3596 Terra
1047 3536 1193 3618 quomodo
1214 3537 1243 3596 in
1262 3543 1331 3598 aere
1427 3535 1428 3552 ¹

187 3615 335 3708 penderet,
354 3615 408 3674 nisi
419 3613 475 3675 Dei
494 3635 581 3676 manu
601 3616 735 3677 suffulta?
760 3615 917 3694 Quomodo
936 3616 967 3675 in
986 3623 1046 3676 tam
1066 3617 1214 3696 praecipiti
1234 3617 1329 3690 euolog
1391 3627 1393 3632 ’

188 3716 255 3760 rum
275 3695 427 3773 agitatione
447 3702 536 3756 staret
554 3697 718 3770 immobilis,
738 3698 792 3756 nisi
811 3695 1014 3756 firmitudinem
1034 3695 1139 3755 hande
1155 3694 1331 3774 suo-opiliee

190 3777 328 3844 haberet?
366 3771 419 3838 Est
443 3777 529 3858 igitur
547 3776 705 3858 emphatica
725 3777 862 3858 particula
882 3780 947 3879 ἢκ,
972 3775 1030 3836 sesi
1053 3775 1143 3836 latine
1161 3775 1321 3836 diceremus

187 3864 219 3920 et
237 3873 312 3917 sane.
1076 3916 1079 3929 ,
1318 3891 1321 3900 ·

268 3941 296 4003 2.
317 3937 554 3998 sinisterrimus
572 3945 666 3997 mum.
706 3933 796 4014 Quod
816 3935 863 3996 alii
883 3941 1015 4016 paratum
1035 3940 1160 4008 vertant,
1181 3935 1331 3994 contextui

188 4035 248 4082 non
273 4016 348 4076 male
371 4018 520 4088 maronii,
549 4017 637 4076 modo
662 4016 836 4076 coniunctim
861 4015 989 4096 legamus
1013 4013 1085 4074 base
1108 4013 1166 4074 dna
1191 4013 1331 4086 membro,

185 4096 315 4160 Domine
335 4115 426 4175 quum
447 4103 480 4155 tu
500 4098 575 4156 sisa
600 4095 712 4169 seculo,
736 4095 840 4155 solium
865 4113 984 4174 quoqne
1007 4095 1058 4154 tibi
1084 4093 1120 4153 ab
1145 4113 1180 4154 eo
1200 4079 1332 4174 teo'ipore

189 4183 316 4239 ereetum
336 4183 387 4234 est.
409 4173 481 4235 Nam
501 4176 581 4256 quod
600 4178 769 4256 interpretes
789 4175 954 4254 simpliciter
973 4175 1008 4234 de
1029 4173 1193 4234 aeternitate
1203 4171 1259 4232 Dei
1274 4173 1331 4232 boo

129 4317 132 4324 ,
189 4257 307 4317 dietum*
322 4273 384 4316 esse
403 4256 521 4328 volunt,
546 4255 680 4334 frigidum
702 4261 760 4330 est,
785 4255 869 4314 docet
893 4255 967 4314 euim
993 4253 1038 4314 his
1057 4253 1150 4314 verbis
1176 4251 1330 4332 Propheta,

189 4337 274 4398 sionti
287 4333 466 4398 aeterna'llei
481 4336 603 4394 essentia
623 4342 678 4405 eo,
696 4337 735 4395 ita
756 4353 870 4416 semper
889 4335 1010 4414 imperio
1029 4340 1057 4394 et
1077 4334 1222 4392 maiestate
1240 4332 1332 4391 fnisse

189 4414 361 4496 praeditum.
402 4411 476 4474 Nam
501 4417 570 4474 solii
589 4417 704 4476 nomine
723 4435 775 4496 per
795 4415 1003 4496 synecdochen,
1024 4413 1159 4473 iustitiam
1180 4417 1210 4472 et
1228 4411 1331 4492 guber·-
