2862 4888
152 289 190 350 45
475 325 479 336 ,
583 289 871 330 sonuisse

155 418 186 492 7,
206 419 256 478 20.
277 368 398 494 ,(ὶιιοᾱ1
412 413 497 480 nimis
514 411 678 473 restrictum
697 417 756 484 est,
779 431 848 472 nam
867 410 929 472 lieri
942 417 1047 552 potest
1063 419 1098 474 ut
1114 403 1236 494 regnam
1254 411 1297 476 ls-

154 497 230 573 rael,
250 493 653 635 apppltempore‘compositns
672 489 730 586 fuit
746 485 887 586 Psalmus,
907 509 942 552 co
964 510 1067 573 apsnm
1085 498 1116 554 et
1134 513 1238 591 magnp
1257 515 1297 556 ex

141 583 237 658 parte
322 581 383 634 tum
401 573 494 634 luent
514 569 580 632 Non
599 571 675 632 male
693 576 780 650 igitur
799 570 847 630 alu
866 571 1067 651 synecdochen
1086 591 1149 634 esse
1158 581 1297 651 sentiunt,

153 663 184 717 et
204 655 279 717 filios
297 652 436 734 Ephraim
454 651 598 732 accipiunt
616 669 669 731 pro
689 651 758 709 toto
772 639 896 731 pop'nln:
915 653 969 712 nisi
988 652 1068 732 quod
1082 652 1297 730 inconsiderata
1428 691 1429 736 ,

154 739 339 818 praetereunt
356 732 444 816 inisse
463 730 527 791 data
547 749 633 868 oppio
658 729 834 806 nominatos,
859 731 927 810 quia
950 731 1013 818 aliis
1031 730 1145 794 inerant
1164 733 1298 794 defectio·
1345 777 1348 786 .
1428 743 1429 786 ³

153 817 200 876 nis
219 821 366 888 auctores,
391 829 480 893 mum
499 809 562 870 laro
582 827 645 869 eam
668 807 774 870 vitulos
798 813 899 870 erexit.
938 810 1077 872 Menona
1102 813 1178 873 enim
1197 820 1297 874 tenere

156 896 291 956 convenit
315 892 393 972 quod
421 891 562 964 diximus,
586 891 662 949 eirca
684 887 773 950 linem
796 907 856 950 noa
880 889 986 951 frustra
1010 889 1133 952 conferri
1151 893 1297 974 repulsam

155 971 308 1036 tdbnmld
330 973 422 1032 braim
441 989 508 1030 cnm
527 969 664 1028 electione
682 967 917 1034 tribuslehudale
936 969 1062 1050 Ideoque
1080 990 1158 1032 nunc
1199 991 1297 1054 noque

156 1055 193 1116 ds
217 1053 284 1114 filiis
304 993 443 1132 Ephraim
469 1049 662 1130 comparative
673 1066 776 1112 ,sermo
794 1047 930 1124 habetur,
954 1057 989 1110 ut
1006 1065 1091 1110 veros
1110 1051 1157 1112 Ab
1211 1071 1245 1113 ae
1263 1052 1298 1114 fi·

155 1134 211 1196 lios
234 1132 388 1194 admoneat
409 1149 511 1191 eorum
535 1128 669 1207 exemplo
693 1129 744 1208 qui
769 1147 800 1188 se
824 1127 859 1188 ab
879 1126 1008 1190 Ecclesia
1027 1129 1243 1206 abdicaverant,
1268 1139 1298 1194 et

96 1204 99 1219 ’
131 1205 188 1274 'se
211 1219 309 1274 umen
331 1200 474 1271 iactabant
497 1209 573 1270 inani
597 1205 743 1268 Ecclesiae
763 1207 858 1274 titulo.
897 1206 972 1268 Nam
999 1229 1089 1289 quum
1113 1211 1298 1274 multitudiue
1428 1225 1429 1240 ¹

155 1300 187 1354 et
211 1291 314 1376 opibus
333 1295 519 1371 praestarent,
540 1287 576 1348 ad
602 1285 741 1348 fallendos
765 1288 908 1368 simplices
927 1289 1047 1348 nimium
1066 1289 1178 1351 valebat
1197 1310 1299 1354 eornm

155 1373 324 1434 auctoritas:
345 1388 402 1450 qus
421 1386 498 1430 nunc
517 1367 621 1446 spoliat
639 1386 689 1427 eos
698 1365 852 1447 Propheta,
872 1367 930 1429 Dei
949 1369 1056 1436 auxilio
1076 1369 1299 1432 nodatosiuisse

34 1481 36 1494 ·
156 1453 270 1512 docens.
291 1448 364 1510 Nam
384 1448 441 1509 huc
460 1453 570 1529 spectet
589 1465 692 1506 musae
710 1447 841 1524 redditio,
861 1447 940 1527 quod
959 1452 1299 1533 eoncuoodters'sufoe·

155 1535 213 1594 dus
237 1535 370 1592 Domini.
416 1527 483 1586 Fuit
508 1525 623 1607 quidem
648 1525 710 1586 aliis
734 1527 820 1586 etiam
846 1529 955 1588 crimen
973 1527 1030 1588 hoc
1049 1549 1216 1605 commune,
1246 1531 1299 1592 sed
1352 1584 1355 1592 .

156 1611 288 1674 consulto
308 1607 449 1670 vindictae
459 1606 514 1666 Dei
533 1606 698 1685 exemplum
716 1607 837 1687 protulit
854 1607 885 1667 in
904 1607 982 1668 tribu
1000 1607 1060 1682 illa,
1079 1627 1154 1689 quae
1174 1628 1225 1670 sua
1245 1629 1297 1672 au-

156 1692 289 1754 ctoritalo
318 1695 412 1750 totum
436 1687 496 1746 fere
519 1685 660 1766 populum
688 1691 864 1766 corruperat.
910 1684 988 1765 Quia
1011 1707 1079 1768 ergo
1104 1690 1239 1770 splendor
1264 1709 1300 1751 ae

157 1772 279 1850 dignitus
291 1767 428 1848 Ephraim
447 1769 538 1845 turpis
558 1766 721 1846 apostasiae*
735 1766 873 1826 vexillum
888 1765 991 1843 sumat,
1012 1787 1114 1829 cavere
1125 1769 1216 1830 voluit
1225 1768 1298 1830 Pro·

183 1850 250 1909 heta
269 1867 307 1908 ue
327 1847 458 1906 fallendis
477 1849 530 1904 sim
552 1844 651 1904 lieibus
670 1845 750 1904 lursa
769 1845 818 1904 illa
837 1845 931 1906 adhuc
949 1854 1086 1907 maneret.
1125 1847 1218 1909 Porro
1238 1869 1301 1910 non

157 1930 259 1990 leviter
278 1945 328 1986 eos
346 1931 471 2000 accuset,
490 1865 551 1984 sed
560 1923 717 2002 exprobrat
729 1923 878 2003 perfidiam
889 1927 1017 1988 intotius
1027 1925 1111 2008 Legis
1121 1935 1300 2010 contemptu,

89 2011 91 2018 '
157 2015 189 2070 et
211 2005 332 2067 foederis
356 2005 526 2078 violatione,
548 2005 665 2066 tametsi
683 2004 761 2063 enim
779 2011 933 2085 utrumque
952 2024 1059 2067 nomen
1085 2008 1189 2068 eodem
1210 2027 1300 2070 sensu

158 2089 294 2226 accipiat,
315 2087 425 2166 foedus
444 2086 539 2163 priore
556 2082 623 2143 loeo
642 2101 767 2163 ponens,
787 2085 854 2144 satis
875 2085 999 2146 ostendit
1018 2105 1049 2146 se
1068 2105 1127 2148 non
1147 2089 1243 2148 solum
1261 2088 1300 2150 da

158 2187 321 2308 :linones
340 2244 534 2318 invocatione,
557 2249 587 2301 et
606 2241 719 2323 pietatis
731 2241 881 2318 doctrina,
901 2247 982 2306 euius
1001 2245 1216 2309 fundamentum
1235 2254 1302 2310 erat
1428 2313 1429 2318 γ

89 2325 96 2334 “
137 2327 286 2407 1ιιόομῐίο.
309 2323 512 2400 'Foediiragos
529 2323 627 2402 itaque
645 2322 788 2383 nominat:
816 2325 884 2464 puis
903 2326 1126 2406 promissionum
1144 2326 1201 2387 fide
1220 2329 1301 2388 exei-
1428 2335 1429 2394 i

159 2406 275 2480 derant,
300 2404 404 2485 quibus
422 2402 506 2468 Dens
529 2405 677 2482 pepigerat
693 2421 726 2462 se
745 2402 800 2462 illis

129 2551 133 2556 ,
159 2506 227 2548 mea
251 2489 363 2568 Legem
386 2491 486 2564 postea
512 2483 653 2560 adiungit,
681 2481 712 2542 in
737 2501 795 2562 qua
818 2485 946 2544 velutin
966 2483 1087 2564 publicis
1106 2487 1208 2547 tabulis
1228 2507 1301 2548 ccu-

158 2562 577 2726 iill‘l‘sffliffiffiilidi'an
591 2567 690 2702 idid
703 2563 1209 2724 silffllii‘ii‘iidm'iffl
1218 2586 1304 2708 tt:

181 2687 243 2798 tos:
256 2731 291 2785 ut
309 2724 434 2797 levitate,
453 2724 613 2804 imperitia,
627 2720 674 2781 vel
693 2739 790 2782 errore
946 2729 971 2798 t,
991 2723 1043 2786 sed
1062 2743 1100 2786 ex
1119 2725 1250 2807 professo
1269 2732 1303 2788 et

159 2747 316 2866 deliberata
340 2805 498 2885 pervicacia
522 2802 644 2863 violasse
667 2815 781 2862 sacrum
830 2803 857 2862 ei
875 2809 1001 2883 pactum.
1040 2803 1163 2866 Fontem
1182 2825 1303 2887 qnoque

160 2892 220 2945 tam
244 2883 346 2944 foedae
369 2877 522 2963 impietatis
547 2882 675 2960 designat
698 2882 942 2962 ingratitudinem,
970 2883 1050 2964 qnod
1074 2885 1303 2966 redemptionem

159 2971 276 3026 aeterno
295 2966 433 3024 memoria
452 2961 568 3044 dignam
587 2961 710 3042 maligne
729 2961 899 3042 sepelierint,
917 2981 953 3023 ac
970 2983 1025 3044 pro
1044 2963 1134 3026 nihilo
1154 2967 1301 3028 duxerint.

159 3043 226 3103 Fuit
245 3049 324 3104 certa
343 3043 442 3102 similis
462 3049 596 3124 portento
616 3039 844 3117 haeesocordia,
865 3041 1045 3105 discederes
1064 3041 1129 3106 Deo
1148 3043 1303 3122 israelites,

160 3125 208 3184 cni
232 3130 278 3184 tot
300 3122 395 3183 modis
420 3121 544 3185 devincti
568 3122 663 3196 erant,
686 3135 740 3184 nec
763 3120 826 3182 fieri
850 3122 909 3182 ullo
929 3122 1017 3182 modo
1036 3131 1151 3205 poterat
1169 3132 1204 3186 nt
1222 3127 1264 3186 sic
1282 3145 1304 3186 a

160 3202 271 3264 &tana
290 3203 506 3280 fascinarenlur,
524 3204 580 3264 nisi
599 3206 643 3263 toi
662 3202 865 3268 miraculorum
885 3201 965 3263 obliti
974 3211 1076 3280 essem,
1119 3205 1304 3267 naetotidem

160 3290 241 3344 erant
259 3281 298 3342 ad
318 3303 368 3348 eos
388 3283 441 3344 sub
461 3289 540 3344 melu
560 3281 616 3344 Dei
636 3287 665 3342 et
685 3281 822 3362 obsequio
841 3282 1004 3344 retinendos
1023 3285 1071 3344 vin
1139 3328 1164 3344 ..
1185 3285 1231 3346 Ac
1250 3305 1304 3346 no-

160 3382 218 3442 qnn
237 3364 385 3425 excusatio
410 3364 532 3444 supersit
550 3364 586 3424 ad
606 3363 757 3424 lavandam
781 3362 910 3443 eulpam,
936 3359 1126 3444 splendidiore
1145 3363 1238 3445 elogio
1257 3365 1302 3426 iu·

160 3444 246 3524 sigolt
272 3461 359 3524 opera
383 3441 445 3503 illas
469 3444 551 3523 quasi
576 3443 684 3504 diceret
701 3462 761 3503 non
779 3442 866 3504 luisse
885 3442 1031 3522 vulgarem
1051 3443 1153 3526 agendi
1171 3445 1303 3522 modum,

161 3529 194 3582 ut
214 3524 354 3604 obrepere
372 3525 497 3605 potnerit
517 3523 638 3584 oblivio:
657 3525 705 3582 sod
727 3522 866 3584 arnelas
886 3542 1020 3604 perverso
1039 3523 1301 3605 etnequiterslau·
1351 3531 1353 3537 ’

161 3603 232 3664 sisso
251 3603 364 3677 oculos,
384 3623 421 3664 na
440 3604 547 3686 gloriae
565 3603 623 3664 Dei
641 3605 746 3664 intuitu
764 3591 963 3666 retinerentdr.
1282 3621 1284 3626 ·

241 2185 257 2226 a
281 2164 356 2225 bene
379 2165 494 2224 vivendi
517 2181 614 2244 agere,
639 2162 690 2222 sed
710 2163 746 2222 de
764 2169 828 2222 toto
848 2164 929 2238 cultu
949 2163 1021 2238 Dei,
1045 2166 1082 2227 ds
1100 2165 1158 2227 lide
1177 2162 1315 2249 promis-¹
1428 2187 1429 2194 ¹

832 2423 882 2463 ore
900 2407 931 2464 in
950 2411 1068 2485 patrem
1097 2405 1237 2488 Apposile
1255 2414 1299 2468 ta·
1428 2407 1429 2444 l

250 3857 305 3923 12.
327 3854 445 3923 Coram
467 3847 611 3924 Patribus
640 3879 753 3924 eorum
780 3857 849 3948 egit
870 3853 1054 3923 mirabiliter
1080 3856 1114 3923 in
1142 3866 1223 3926 terra
1244 3856 1305 3926 Ae·
1428 3917 1429 3922 ,

159 3963 249 4055 gppti
280 3961 317 4030 in
348 3985 461 4054 campo
484 3961 582 4030 Scan.
631 3957 684 4031 13.Ι
705 3961 803 4032 Scidit
829 3983 917 4030 mare
946 3971 979 4030 et
1004 3961 1144 4030 maduxit
1166 3987 1239 4052 eos,
1271 3973 1307 4034 et
1428 3985 1429 4040 ζ

160 4070 268 4138 sumit
293 4092 396 4160 aquas
423 4069 512 4138 velut
538 4069 713 4138 cumulum.
766 4062 818 4136 14.
845 4067 889 4137 Et
915 4067 1048 4137 deduxit
1074 4091 1132 4137 eoa
1151 4069 1193 4156 ,in
1218 4070 1305 4139 nube

159 4175 315 4261 interdiu,
349 4187 382 4245 et
403 4175 491 4244 omni
512 4187 607 4244 noete
628 4177 662 4242 in
684 4173 853 4266 splendore
874 4175 966 4267 ignis.
1012 4176 1067 4244 15.
1088 4175 1189 4244 Scidit
1208 4197 1307 4268 nopes

159 4273 206 4349 in⁴
229 4281 373 4368 deserto,
404 4293 437 4352 et
469 4305 526 4350 sos
558 4293 670 4374 potore
697 4281 771 4352 fecit
797 4281 831 4349 in
859 4281 983 4374 abyssis
1004 4280 1141 4374 magnis:
1188 4281 1241 4351 16.
1263 4269 1307 4350 lit
1428 4331 1429 4348 .

138 4387 271 4475 ‚suunt
290 4387 410 4461 liuenta
432 4411 452 4458 e
472 4413 563 4483 rupe,
584 4400 621 4480 et
641 4387 832 4458 descendere
854 4387 928 4458 lecit
949 4411 1049 4481 equos
1071 4387 1160 4459 velut
1180 4389 1306 4460 fluvios.
