2816 4880
170 285 263 348 504¹
597 289 885 332 aeauasns

173 409 273 472 beent
296 411 349 474 uisi
369 409 450 474 Dens
473 429 591 472 manum
610 410 645 472 ad
665 429 716 472 ens
735 409 893 470 lulrieudas
913 408 990 489 porri
1026 413 1078 468 ret.
1117 405 1239 468 Summa
1258 411 1317 479 est,

143 504 145 512 '
173 489 270 555 Deum
289 492 428 572 respinere
447 490 598 552 bominum
616 509 780 564 aerumnas,
810 496 842 550 ut
861 488 1001 550 labaraula
1022 507 1055 548 ua
1074 492 1234 546 suenumt.
1252 485 1316 546 Ura-

173 569 209 631 de
241 571 384 649 sequitur,
415 571 531 650 dignum
561 591 625 632 essa
654 590 714 631 aon
742 569 830 630 mede
860 587 947 658 quem
972 575 1134 628 reverenter
1154 567 1314 646 suspiciant

173 651 267 710 enneli
286 651 419 712 mortales
438 653 468 710 in
488 651 569 712 enele
587 657 763 731 regnantem,
782 649 832 710 aed
851 649 897 708 eui
917 667 949 709 re
1024 665 1057 708 oa
1072 644 1194 706 libenter
1210 651 1243 706 et
1260 665 1314 706 eu·

172 729 287 809 pide-sa
306 732 493 810 permittent·
516 729 629 792 Interea
648 729 797 802 admonet,
816 728 932 788 minime
996 732 1116 788 atratum
1133 728 1170 786 iri
1189 726 1315 806 quianu-

62 897 64 900 .
172 825 230 888 qne
248 807 382 870 solatium
402 812 461 872 suis
479 811 600 872 miseriis
618 830 638 870 a
658 809 722 870 l)en
743 813 851 890 petent.

239 889 301 982 ⁶15.
325 889 412 950 neae
432 899 572 952 masaa..
612 889 826 950 noeumane
856 886 934 948 aaut
959 885 1096 948 mansan
1126 881 1183 944 ne
1202 840 1314 978 ρωιὲςι

171 964 282 1062 liaud,
295 967 385 1108 wa
403 971 513 1064 epuetia
531 969 720 1066 animantibus
749 970 857 1029 virtum
886 987 941 1047 aup
997 968 1086 1062 itpns,
1111 963 1305 1064 patremfamn

171 1046 317 1186 tart
344 1045 886 1208 attttttttttttatz
905 1064 934 1186 t
952 1042 1141 1220 bdellii
1158 1046 1313 1218 tollii

172 1211 209 1266 nt·
234 1205 368 1268 elimenta
392 1225 410 1268 a
429 1207 547 1269 eueleati
567 1206 652 1277 Patre
678 1214 791 1289 petant:
822 1208 889 1286 quia
910 1204 994 1266 bruta
1013 1203 1145 1298 anamalpa
1166 1220 1231 1296 ⁹.¹⁸.'¹
1249 1209 1311 1262 tau·

171 1291 236 1346 tam
259 1285 415 1349 eadmer
439 1287 535 1348 eibum
559 1296 709 1369 quaeruut.
749 1285 859 1346 Verum
879 1286 1011 1366 quamvis
1029 1286 1156 1363 ingenita
1174 1281 1233 1340 rlbs
1251 1301 1314 1344 nun

173 1363 213 1426 sit
235 1366 311 1428 rada
332 1370 366 1428 ut
389 1367 531 1449 pendeant
550 1386 568 1429 a
587 1366 648 1428 Dei·
661 1366 856 1462 previdentia,
876 1366 944 1446 §a
963 1370 1058 1424 tamen
1077 1363 1313 1456 nenessitas-ipsa

173 1461 279 1514 arraue
330 1445 436 1508 nudam
463 1448 601 1510 instiuetu
624 1465 659 1508 ea
677 1445 715 1506 ad
733 1445 829 1508 erbum
847 1443 1042 1524 quaerendum
1061 1441 1222 1536 eampellrt,
1251 1459 1312 1502 unu

124 1523 131 1546 ⁴
173 1521 224 1583 aba
248 1541 280 1586 re
305 1465 439 1588 deantur
457 1529 488 1590 iu
507 1525 573 1590 Dea
592 1546 721 1607 sperare:
748 1526 832 1586 aienti
852 1523 917 1584 alibi
937 1523 1072 1584 dieantur
1090 1541 1158 1584 enm
1177 1539 1314 1581 ruvaeare

172 1601 246 1682 pulli
275 1621 443 1700 enmprum,
471 1606 547 1668 Psal.
569 1609 685 1702 147‚·9.
725 1603 785 1683 Qui
815 1618 886 1700 aare
913 1603 952 1664 ad
976 1600 1314 1698 bpmiuesnrealriugunt,

173 1699 213 1780 aaa
227 1679 294 1768 bae
312 1683 428 1766 quidem
451 1687 601 1784 madppli
635 1691 699 1746 mut
717 1683 935 1778 abamdrtetema
958 1701 1026 1762 qma
1045 1701 1126 1776 mppn
1143 1677 1233 1740 murto
1252 1698 1313 1818 mp-

173 1781 324 1920 {ilignis
344 1761 588 1928 bebbaepladr’ttuwt
605 1761 1169 1918 mffiffignufficpgffltp
1185 1756 1315 1900 gpapmp

175 1919 213 1980 ad
236 1939 322 2016 mum
345 1923 493 2004 apilieam,
521 1945 581 1986 nen
604 1925 681 1986 male
703 1925 855 1986 enareniet
883 1921 1018 2016 alietatum
1045 1919 1095 2016 bie
1123 1937 1236 2014 pre-re·
1250 1922 1314 2014 ipsa

172 1993 235 2060 else
249 2007 384 2098 paesium.
403 2001 442 2066 Et
454 2006 590 2102 prouimu
600 2023 689 2102 persa
708 2003 922 2100 teditppamnip
941 1999 1120 2104 ambrgmtae,
1139 1998 1188 2058 ubr
1208 1998 1313 2060 drmtnr

173 2081 553 2246 tffittlstttt..
569 2081 1314 2245 btttttltlttlttttffittttf

42 2235 80 2268 ⁶·
175 2238 211 2300 lia
231 2238 343 2302 diversa
361 2250 405 2304 est
467 2245 564 2308 seaadi
589 2246 673 2319 ratio,
692 2251 729 2304 et
747 2244 842 2306 variae
861 2241 1061 2302 alimentorum
1084 2239 1193 2320 speeies
1215 2238 1246 2298 iu
1264 2257 1313 2298 ra·

176 2319 236 2378 ries
260 2339 329 2382 uana
353 2321 433 2384 distri
454 2331 519 2386 ntae
543 2331 574 2385 et
592 2330 704 2406 aptatae
722 2323 798 2384 aunt.
839 2319 907 2401 Qua
925 2321 1037 2382 ratione
1055 2324 1141 2380 venat
1159 2317 1256 2380 David
1275 2319 1314 2378 ei·

176 2394 229 2458 bna
246 2398 384 2479 ipserum.
414 2401 578 2467 Preuamea
598 2423 668 2466 vere
687 2403 839 2464 relativum
857 2399 936 2497 pund
956 2419 1023 2462 eum
1041 2407 1171 2480 tempere
1195 2399 1313 2460 anninu-

6 2471 7 2480 ’
67 2486 85 2522 '0
177 2477 261 2558 gitur,
290 2500 349 2541 nnn
369 2489 413 2546 ut
432 2483 549 2565 pluralia
568 2485 695 2546 numeri:
723 2483 848 2563 ideoque
864 2481 985 2560 intelligi
1003 2499 1063 2542 uon
1082 2485 1179 2560 pateat
1197 2478 1233 2540 de
1251 2479 1313 2538 ani-

176 2556 307 2620 malibua.
330 2559 424 2624 Suum
442 2581 511 2644 erge
530 2569 645 2644 tempus
664 2569 748 2623 venat
768 2569 973 2643 oppurtunum,
993 2561 1061 2640 qnia
1080 2567 1111 2619 et
1128 2557 1221 2620 luein
1230 2565 1314 2638 puae

176 2637 369 2701 admirabilem
388 2661 469 2704 suasu
488 2643 726 2724 dispensationem
745 2641 924 2704 commendat
944 2637 1035 2713 Dassa,
1054 2638 1133 2719 quad
1152 2638 1310 2713 iueubeeia,

177 2717 276 2792 messi,
294 2719 443 2784 vindemiis
463 2723 605 2784 ordinavit
623 2729 734 2784 eertum
753 2728 880 2803 tmpus,
900 2727 930 2782 et
947 2722 987 2780 ita
1006 2719 1122 2798 digessit
1140 2719 1203 2779 anui
1221 2719 1307 2794 uinea,

177 2802 210 2857 ut
239 2817 317 2860 nurse
343 2799 455 2879 herbis,
483 2821 562 2866 nune
591 2803 675 2864 laena
696 2803 741 2862 vel
762 2802 844 2882 palea
862 2801 975 2860 alauttm
994 2799 1133 2880 pecudes,
1162 2797 1309 2880 glandibus

175 2877 277 2950 ditm,
305 2879 500 2963 fructibusque
528 2883 600 2944 aliis.
640 2881 714 2942 Nam
743 2883 768 2941 si
797 2900 897 2942 amnes
921 2877 1023 2941 eedem
1047 2887 1196 2940 memeutn
1214 2878 1314 2958 eupiaa

176 2955 343 3034 effunderet,
362 2961 446 3020 valde
464 2962 645 3023 innammadu
673 2967 749 3022 eaaal
768 2961 922 3041 pempiin,
951 2959 1076 3039 ideoque
1092 2959 1123 3020 iu
1141 2975 1236 3018 muare
1252 2959 1315 3018 [ru-

176 3039 528 3176 ffiuetffimeutomm
552 3048 694 3122 preventu
722 3060 782 3103 unu
805 3059 908 3122 parum
937 3039 1028 3100 landis
1059 3045 1184 3100 meretur
1209 3057 1315 3119 appar

161 3227 164 3236 .
258 3197 307 3257 16.
326 3201 356 3258 Α
457 3221 587 3264 manaa.
628 3201 776 3264 Coueiuua
798 3208 843 3262 eat
861 3199 902 3281 by
924 3197 1044 3273 etlaesis,
1074 3198 1142 3278 quia
1165 3199 1242 3260 euim
1261 3199 1314 3260 mi·

178 3292 242 3368 rapa
261 3273 317 3337 Dei
346 3220 517 3356 mntem,
546 3300 620 3362 qnae
644 3283 675 3342 in
699 3279 870 3363 pulcerrima
900 3219 957 3340 dne
985 3285 1106 3340 naturae
1124 3278 1225 3340 ordine
1244 3298 1314 3340 enn-
1353 3273 1359 3284 ’

178 3371 277 3434 sprena
296 3356 432 3438 refulget,
461 3362 553 3422 maiar
571 3381 637 3442 para
656 3361 759 3425 eleusis
777 3361 868 3420 oeulis
888 3360 1037 3441 praeterit,
1066 3357 1163 3420 Deam
1182 3365 1314 3440 porrecta

178 3451 266 3494 mauu
285 3433 384 3506 eibum
404 3440 570 3502 animalibus
590 3440 803 3502 distribuentem
821 3439 930 3500 inducit
950 3437 1054 3500 David.
1079 3438 1113 3499 lu
1131 3446 1217 3512 terra,
1236 3440 1315 3500 uude

179 3514 273 3576 viatus
301 3516 382 3578 nebia
406 3521 553 3598 provenit,
581 3527 611 3581 et
638 3519 813 3582 naturalibus
838 3519 939 3580 mediis
959 3537 1106 3599 perperam
1125 3519 1314 3579 subsistimus.

179 3589 266 3654 lluue
293 3595 380 3678 igitar
401 3615 527 3661 errarem
553 3608 586 3661 nt
605 3600 727 3681 enrrigat
748 3598 859 3672 David,
887 3605 1015 3680 apertam
1033 3596 1092 3657 Dei
1110 3616 1227 3659 manum
1245 3607 1315 3658 aute

179 3673 280 3734 acutos
299 3682 413 3752 ιιιιιῑιιιιΙ
433 3678 531 3760 pingit,
551 3681 609 3743 aeti
627 3683 657 3742 in
678 3699 710 3740 os
730 3680 824 3740 eibum
843 3686 1017 3774 suggereret.
1039 3677 1073 3738 la
1092 3679 1314 3741 smmtomem-

180 3750 233 3813 brn
253 3773 358 3816 nomeu
387 3761 463 3853 libb
484 3758 600 3838 quidam
619 3739 761 3840 aeeipiunt
780 3779 833 3840 pre
855 3759 1007 3820 desrderioa
1026 3759 1083 3818 ansi
1102 3757 1235 3834 dixisset,
1254 3759 1315 3820 sin·

178 3833 252 3912 gulis
272 3835 436 3898 animalium
456 3839 605 3918 generibus
625 3842 732 3900 vietum
751 3859 807 3920 pra
826 3845 897 3900 vala
912 3857 945 3898 au
967 3845 1071 3920 petere.
1091 3835 1129 3898 lit
1139 3843 1215 3900 eerte
1225 3837 1315 3920 paulo

179 3921 245 3992 past
264 3911 320 3974 boe
337 3935 424 3977 senen
444 3925 582 3980 sumetur.
606 3919 664 3980 Alii
683 3927 779 3980 tamen
798 3918 904 3980 referre
922 3859 965 3982 ad
978 3917 1075 3980 Dema
1094 3920 1214 3994 malunt,
1223 3917 1316 4000 *qued

179 4011 258 4052 mera
287 3996 376 4074 gratia
406 4003 436 4056 et
460 3997 626 4060 liberalitate
652 4007 749 4080 paseat
767 3998 913 4060 animalia:
943 4000 1010 4078 qnia
1029 4017 1090 4059 uon
1109 3999 1254 4061 sadiieeset
1272 4005 1316 4058 te·

178 4076 1315 4238 mmttttrtttztttttttttintentante

178 4235 288 4294 mareri
319 4242 351 4294 ut
380 4241 439 4295 tam
469 4237 590 4318 benigna
618 4242 728 4299 naamis
755 4238 944 4299 animantibna
984 4240 1125 4319 rospiniat.
1165 4237 1208 4299 lta
1227 4255 1315 4300 nausa

123 4305 128 4327 ¹
178 4308 226 4370 bie
245 4315 339 4391 posita
355 4316 410 4375 erit
429 4335 482 4395 pro
502 4317 614 4378 ellectu.
654 4319 798 4380 Alimenta
817 4318 893 4380 euim
926 4326 1045 4380 eactns
1073 4323 1143 4378 sunt
1161 4317 1313 4379 haimbe-

178 4389 325 4470 lteplttclil,
354 4393 428 4456 elcut
451 4423 609 4473 χαριςιιατα
626 4383 807 4478 rpelxnpsrog·
847 4395 936 4476 Quod
960 4405 1055 4460 tutem
1080 4415 1166 4480 stepo
1184 4397 1315 4462 eduliumi
