2874 4888
30 325 36 348 ‚
122 273 252 352 452¹
589 283 599 320 t
635 279 875 320 c·rtt.t'rat·s

168 413 285 556 {peonio
315 409 457 478 cernimus
485 423 572 482 quam
603 389 737 472 deformia
768 409 838 462 tnnc
866 385 1003 471 loetitia'
1027 397 1154 466 Etutam
1178 397 1308 462 vastitas.

8 507 47 552 .“
107 547 128 562 ,
210 489 334 568 atvlrex,
355 497 436 553 eram
455 485 556 544 iudicia
577 483 711 546 divinitus
730 484 869 542 instituta:
896 481 1025 540 videmus
1045 485 1192 550 tamemut
1212 478 1308 538 horti.

169 573 225 634 htti'
238 571 325 640 modo
345 567 531 636 exundaverit
546 583 634 622 omne
646 581 735 642 genus
749 562 897 622 scelerum.
919 559 997 643 Ergo
1009 555 1132 618 'sollicite
1145 560 1327 622 cauendum,

169 660 213 716 ert
232 649 338 728 nequid
358 647 416 706 tale
435 643 516 706 uobis
536 663 591 712 usu
611 644 720 718 veniat:
749 641 827 720 qood
852 642 876 698 si
891 647 997 702 ttamen
1010 640 1161 723 ,contingat
1181 641 1307 718 peregri-

170 751 224 800 nos
243 731 348 790 iniuste
368 725 482 806 vexari,
503 723 608 803 raptari
628 721 727 782 viduas
747 723 777 783 in
796 720 944 801 praedam,
965 719 1080 800 spoliari
1100 719 1238 798 pupiltos:
1260 739 1309 778 ro·

190 811 279 870 andus
299 813 342 868 est
355 803 432 867 ltous
454 808 486 863 ut
505 821 606 867 aarum
625 801 813 881 patrocinium
834 802 977 879 suscipiat,
997 800 1079 860 sicuti
1099 799 1232 878 exemplo
1253 817 1311 862 suo

169 835 315 970 Propheta
335 903 388 944 nos
409 883 445 942 ad
464 881 600 947 levandas
618 895 718 942 eorum
738 882 863 943 miserias
884 879 1024 942 hortatur.

29 1106 34 1132 ¹
152 1091 175 1162 ι’
222 1169 225 1176 ,
260 1103 291 1173 7.
318 1097 362 1168 Et
384 1085 544 1181 dixerunt,
566 1095 641 1166 Non
663 1084 781 1184 uidebit
805 1096 907 1178 Deus,
935 1119 1000 1164 nou
1023 1085 1194 1187 cognoscet
1215 1093 1309 1164 Deus

170 1212 272 1281 laceb.
298 1209 351 1276 x8.
385 1205 548 1297 lntelligits
574 1205 756 1294 insipientes
784 1204 817 1270 in
844 1201 1047 1294 popularet
1068 1202 1154 1268 stulti
1177 1203 1309 1294 quando

171 1315 329 1410 sapietis?¹
363 1312 396 1381 9.
429 1312 497 1398 Qui,
520 1310 671 1403 plantavit
697 1333 819 1390 aurem,
853 1333 893 1374 an
926 1331 992 1375 uon
1020 1306 1145 1375 audiet?
1178 1333 1217 1374 an
1252 1307 1311 1399 qui

172 1401 264 1508 lirrxi't
287 1418 430 1500 oculum,
448 1441 525 1494 ,uon
553 1415 722 1506 adspiciet?
746 1415 796 1482 10.
820 1410 883 1502 Qui
905 1416 1005 1506 arguit
1025 1425 1151 1505 gentes,
1177 1439 1219 1482 aa
1240 1437 1310 1482 non

172 1526 338 1620 corripiet?
362 1524 416 1614 qui
438 1527 532 1592 donet
552 1521 699 1589 homines
722 1522 904 1588 ommatium?

254 1673 282 1733 7.
304 1673 343 1730 Et
363 1637 511 1728 dlrerant.
537 1666 625 1745 Quod
646 1667 713 1726 dieit
732 1665 877 1746 Propheta
897 1665 1000 1746 impios
1019 1663 1137 1732 illudere
1155 1662 1231 1741 Deo,
1251 1665 1312 1726 aest
1432 1723 1433 1734 ,

101 1821 105 1828 ,
172 1753 275 1819 oeulos
294 1751 320 1808 ei
342 1748 512 1809 oblitterent:
532 1769 591 1808 noa
610 1748 650 1806 ita
671 1743 754 1806 debet
773 1747 899 1826 intelligi,
920 1748 1001 1824 quasi
1021 1743 1226 1818 distinetehoe
1240 1765 1312 1806 con-

174 1835 281 1912 cipiant
300 1832 329 1888 in
349 1829 451 1891 animis
470 1829 543 1886 auis:
573 1826 621 1886 sed
648 1829 715 1905 quia
726 1825 856 1905 ,perinde
880 1831 1066 1900 contemnunt
1084 1827 1143 1889 eius
1163 1825 1310 1901 iudicium,

80 1942 85 1951 -
174 1913 237 1986 acet
252 1909 330 1971 nulla
351 1927 416 1974 eum
436 1913 566 1985 tangeret
589 1926 658 1966 cura
685 1907 800 1966 humani
825 1907 945 1984 generis.
985 1903 1059 1966 Nam
1084 1907 1107 1965 si
1134 1907 1248 1984 penitus
1267 1908 1327 1986 iu·¹
1432 1941 1433 1950 κ

175 1993 319 2070 sculptum
340 1994 414 2046 esset
434 1986 581 2046 hominum
601 1985 744 2059 cordibus,
763 2006 794 2044 se
806 1983 860 2044 Dei
877 1983 976 2048 oculos
991 2005 1050 2044 non
1070 2005 1154 2065 posse
1173 1986 1313 2065 effugere,

79 2133 81 2137 ,
175 2071 324 2142 sufficeret,
347 2067 461 2136 ireuum
492 2065 547 2126 hoe
577 2065 615 2125 ad
637 2065 824 2140 cohibendam
844 2083 949 2126 ,aarum
972 2065 1069 2125 vitam.
1111 2062 1209 2142 Quum
1233 2084 1311 2146 ergo

175 2149 324 2226 hucusque
344 2145 491 2226 prosiliant
510 2145 645 2207 audaciae
664 2151 697 2204 ut
715 2143 793 2203 hanc
813 2143 958 2224 diripiant:
979 2145 1199 2224 iltumspolient,
1220 2145 1311 2212 alium

176 2232 328 2290 devorent:
356 2232 465 2286 certum
485 2231 528 2296 est
547 2227 650 2298 in‘sua
670 2225 799 2296 socordia
819 2243 880 2282 esse
901 2225 1054 2296 demersos,
1075 2226 1132 2283 assi
1152 2223 1313 2285 absconditi
1432 2281 1433 2310 1

175 2315 269 2370 essent
288 2325 306 2366 a
325 2304 381 2364 Dei
402 2305 500 2364 oculis.
523 2303 607 2364 Certe
626 2311 684 2362 tam
704 2305 805 2383 supina
825 2306 960 2362 securitas
980 2303 1102 2374 ostendit
1121 2323 1171 2362 eos
1189 2323 1311 2384 peceaue

175 2390 235 2448 acsi
253 2403 401 2464 nunqnam
422 2383 543 2444 vocandi
562 2389 657 2444 essent
676 2383 712 2442 ad
731 2383 903 2444 reddendam
924 2385 999 2442 uitae
1017 2383 1164 2443 rationem.
1200 2379 1311 2462 Quam·

176 2472 219 2526 vis
239 2486 306 2546 ergo
327 2473 386 2524 tam
406 2482 514 2524 crassas
534 2463 721 2544 blasphemiae
741 2483 874 2524 evomere
895 2481 953 2522 non
973 2461 1110 2536 audeant,
1130 2461 1231 2540 Deam,
1247 2483 1311 2524 esse

176 2567 271 2609 rerum
292 2545 420 2616 carnium
441 2545 579 2622 ignaram,
600 2563 633 2604 aa
653 2543 711 2601 lere
730 2544 850 2602 similem
870 2548 981 2610 trunco,
1002 2545 1061 2604 iure
1076 2551 1170 2604 tamen
1185 2543 1240 2602 illis
1260 2563 1312 2602 ex·

176 2626 295 2706 probrat
321 2623 465 2702 Propheta
517 2621 572 2681 uod
603 2621 740 2681 mundum
769 2623 931 2680 existiment
955 2619 1011 2680 Dei
1041 2625 1220 2702 providentia
1250 2643 1311 2682 nan

110 2702 142 2719 ‘'
176 2708 248 2785 regi:
273 2705 334 2764 imo
355 2701 449 2780 palam
468 2702 494 2760 ei
527 2701 615 2762 udicis
635 2701 763 2762 allodum
782 2719 816 2760 ac
836 2707 1005 2780 potestatem
1027 2703 1176 2780 abrogent,
1198 2701 1265 2782 quia
1284 2702 1311 2762 si

176 2784 304 2866 persuasi
322 2787 417 2841 essent
435 2786 468 2839 ut
487 2781 568 2844 decet
587 2781 622 2840 de
641 2781 701 2839 eius
722 2779 915 2860 providentia,
940 2781 1024 2840 simul
1045 2781 1199 2842 tribuerant
1219 2781 1311 2842 hono·

176 2881 237 2925 rem
258 2863 308 2940 qui
328 2861 515 2922 reverentiam
535 2878 570 2918 ae
589 2867 698 2920 metum
717 2864 864 2932 incuteret,
885 2879 942 2940 qua
958 2862 993 2920 de
1008 2881 1039 2920 re
1059 2862 1149 2920 lusius
1168 2859 1234 2920 alibi
1256 2861 1311 2920 dis-

177 2943 325 3003 seruimus.
366 2937 525 3000 Consilium
550 2946 645 3010 autem
666 2935 828 3018 Prophetae
852 2947 910 3016 est,
935 2947 1093 3004 extremam
1117 2949 1147 3000 et
1171 2941 1313 3036 perditanp

178 3011 331 3100 ueqiaitiam
351 3021 524 3098 exprimere,
554 3018 623 3080 dum
648 3020 754 3080 seilicet
774 3019 884 3080 abiecto
905 3017 959 3080 Dei
978 3021 1094 3094 fimare,
1111 3021 1237 3100 'quidvis
1257 3021 1313 3081 aibr

177 3101 306 3179 indulget
326 3105 467 3178 peccator.
487 3097 585 3178 Siquis
605 3099 741 3180 profanus
761 3097 858 3174 homo,
878 3103 926 3180 qui
944 3099 1013 3158 nihil
1034 3104 1159 3180 unqua'r'n
1180 3100 1312 3162 coelestio

178 3177 506 3258 doetrinaegustaverit,
535 3180 575 3238 ita
601 3179 725 3252 insultet,
755 3179 835 3239 luror·
853 3182 907 3240 erit
926 3200 984 3240 non
1005 3179 1150 3241 terendas:
1181 3178 1313 3240 hominen

144 3263 150 3278 ¹
178 3277 246 3339 ergo
267 3259 316 3337 qai
336 3277 352 3316 a
373 3259 468 3338 pueris
488 3257 600 3316 edueati
621 3257 771 3319 lucrantia
786 3257 868 3340 Legis
889 3259 1026 3330 doctrina,
1047 3266 1106 3318 tam
1126 3263 1314 3340 contemptim
1365 3252 1370 3262 ’

178 3333 297 3398 illudere
318 3338 362 3396 vet
383 3337 478 3396 lucum
498 3337 591 3397 facere
613 3335 684 3412 Deo,
705 3340 827 3398 immane
847 3347 1009 3418 portentum
1029 3339 1091 3398 fuit.

259 3421 286 3480 8.
310 3419 475 3498 Intelligere
493 3425 669 3497 tersipieutes.
710 3415 810 3494 Quum
829 3419 1000 3478 exsecranda
1019 3419 1048 3478 in
1069 3415 1165 3478 Deum
1184 3417 1313 3498 blasphe·
1343 3427 1347 3438 '

179 3498 237 3560 mia
262 3499 311 3568 rit,
336 3516 402 3556 eum
425 3497 524 3555 ludicis
540 3497 645 3566 ‚allicio
671 3501 796 3576 privare,
826 3497 1019 3558 vehementius
1043 3501 1072 3558 in
1098 3519 1198 3565 eorum
1217 3518 1312 3558 sceor-

179 3579 255 3636 diam
266 3571 409 3637 invehitur
420 3575 573 3657 Propheta,
593 3579 682 3656 quise
702 3577 777 3636 illius
787 3577 919 3636 iudicium
931 3577 1135 3658 subterfugere,
1145 3581 1203 3639 imo
1215 3571 1318 3638 oeulos'
1369 3629 1372 3634 Δ

145 3655 150 3674 “
180 3656 279 3714 fallere
298 3655 357 3713 suis
377 3656 486 3714 astutiis
506 3675 590 3735 posse
610 3656 764 3716 confidunt.
787 3655 908 3716 Gravius
924 3663 966 3715 est
981 3665 1075 3716 autem
1091 3677 1194 3718 vocare
1208 3661 1314 3720 stoltrm
1379 3709 1382 3716 .

178 3735 461 3876 thtttlth'tt
480 3736 788 3876 liil‘lii‘tlllii
817 3735 1314 3878 ‘ttttltttttttt‘ttl'tttt

180 3893 266 3952 Dent
284 3893 318 3964 24,
338 3895 380 3952 7.:
406 3889 479 3972 Quis
499 3895 623 3972 pppulus
638 3835 832 3984 lam’uotittll
852 3897 902 3976 qut
922 3897 991 3958 deos
1011 3897 1062 3957 sihi
1083 3841 1314 3978 applropinquau.

179 3981 225 4032 tes
244 3972 355 4046 haheat,
375 3972 458 4032 sicuti
475 3971 652 4044 laodieDeus
667 3982 731 4036 tuus
752 3975 786 4034 ad
808 3983 837 4036 te
856 3977 1018 4052 deseendit?
1038 3975 1115 4038 llaec
1134 3981 1315 4040 enimvestra

180 4059 224 4111 est
243 4053 424 4132 intelligentia
445 4071 541 4110 eoram
562 4056 670 4114 cunetis
691 4053 843 4130 Gentibus,
868 4064 897 4116 et
917 4058 1070 4136 sapientia,
1094 4057 1189 4118 Deum
1211 4057 1315 4119 hahere
1432 4079 1433 4096 ³

84 4191 87 4198 ,
179 4132 380 4210 legislatorem.
401 4130 462 4192 Nisi
482 4131 555 4192 forte
574 4134 777 4212 ignominiosos
797 4138 826 4194 in
840 4137 1052 4216 populoyoeat,
1073 4139 1122 4218 qui
1142 4145 1236 4198 tanuen
1257 4132 1313 4217 pri·

180 4231 274 4271 mores
299 4218 393 4284 eraut,
423 4209 623 4292 srunn'rumqus
649 4213 782 4274 tenebant
810 4215 926 4276 honoris
951 4216 1083 4295 gradum:
1114 4219 1176 4276 acsi
1197 4222 1315 4276 vocaret

180 4293 334 4370 gregarios.
364 4289 437 4350 Nam
457 4291 594 4372 superbos
614 4313 758 4371 quossua
779 4295 898 4374 dignitas
917 4303 1059 4368 excaecat,
1079 4299 1116 4356 ita
1137 4299 1166 4356 in
1187 4297 1315 4357 ordinem

180 4373 245 4449 cogi
261 4370 329 4429 utile
343 4389 457 4432 uecaese
472 4377 525 4448 est,
546 4379 577 4432 ut
592 4373 715 4434 sentiant
728 4394 786 4436 noa
801 4375 857 4436 alio
874 4393 904 4434 se
918 4373 983 4435 loeo
999 4367 1105 4438 censeri
1121 4376 1198 4458 apud
1210 4374 1316 4452 Deum,
1432 4369 1433 4446 f
