2874 4888
173 264 264 322 150¹
350 241 364 274 ⁴
597 227 886 314 numurus

27 383 32 398 “
146 388 274 452 »eadere
297 385 416 466 singuiis
438 385 591 446 momentis
615 385 808 464 contingeret,
832 383 884 444 sed
909 373 1313 456 commendendam

171 467 336 531 mirabiliter
356 463 581 560 iulciratpllens:
599 466 702 524 merito
722 465 852 524 levamen
872 461 951 542 quod
962 468 1124 542 praestatur
1133 464 1313 562 Angelorum

101 600 104 618 ¹
171 541 1314 704 tt‘tntnttttit,ittttttnfflstttffiontfftfttttttfflt

172 723 246 780 mus,
265 708 319 768 nisi
338 724 391 764 uos
412 703 492 764 Dens
512 703 663 764 attolleret.
703 700 843 781 Quisquis
861 641 934 762 baeu
953 701 1011 760 duo
1030 702 1105 764 inter
1124 722 1155 764 se
1175 703 1316 778 suosmet,

172 789 288 848 fluidam
307 792 437 844 nostram
455 781 659 858 infirmitatem,
679 781 781 844 dende
800 783 905 862 spinos,
926 780 1061 855 salebras,
1081 781 1186 857 saltus,
1205 784 1316 864 asperi·

173 873 245 926 tutes
264 866 385 936 viarum,
404 865 557 943 augustiae,
576 869 722 944 praeterea
741 861 941 922 hebetudinem
956 862 1059 922 mentis
1074 867 1198 935 nostrae,
1218 859 1313 924 etSa·

173 943 416 1006 tanae‘vairitiem
434 945 464 1002 iu
484 943 625 1002 struendis
644 942 765 1008 insidiis:
789 942 913 1022 reperiet
930 959 991 1000 nou
1009 959 1073 1002 esse
1092 939 1314 1020 hyperbolicum

173 1023 379 1105 horologium,
399 1023 449 1081 sed
467 1022 602 1082 tutabitur
619 1041 677 1084 uon
697 1039 783 1103 pesse
802 1041 854 1081 nos
880 1027 936 1080 tres
956 1038 1057 1100 passus
1080 1021 1230 1100 progredi,
1256 1022 1316 1082 uiri

173 1103 383 1183 quodammodo
407 1109 520 1182 praeter
543 1109 673 1166 naturam
697 1099 799 1182 Augeli
823 1119 877 1160 uos
901 1099 933 1160 iu
955 1105 1022 1160 uem
1047 1105 1172 1181 portent.
1218 1098 1309 1178 Quod

172 1191 267 1242 autem
292 1201 376 1263 saepo
395 1182 593 1264 impingimus,
616 1183 718 1262 eulpae
735 1187 850 1241 uestrae
868 1179 1068 1260 imputandum
1087 1187 1145 1254 est,
1170 1181 1237 1259 quia
1256 1199 1314 1240 uos

172 1264 300 1342 sospite
325 1267 424 1321 nostru
450 1263 541 1322 disiuu
562 1263 644 1321 imus.
684 1259 858 1341 Quanquam
883 1266 979 1318 autem
1004 1261 1138 1400 prppriae
1161 1259 1314 1321 iufirmita-

172 1345 208 1402 tis
232 1342 364 1400 conmuni
389 1359 441 1400 uos
466 1343 528 1400 vult
578 1361 628 1400 eus
652 1341 721 1400 dum
746 1340 929 1420 impingimus
948 1337 995 1398 vel
1014 1357 1046 1398 ca
1068 1341 1156 1413 imus,
1181 1341 1249 1420 quia
1269 1345 1313 1400 tu·

171 1439 237 1483 meu
257 1421 352 1482 collidi
371 1440 430 1482 uon
449 1422 596 1502 permittit,
615 1421 733 1500 perinde
751 1426 795 1480 eat
815 1421 874 1480 nesi
892 1436 1011 1478 manum
1030 1437 1112 1482 suam
1125 1425 1313 1500 supponeret.

52 1650 61 1717 ¹,
151 1695 156 1698 ,
254 1621 314 1708 ¹13.
346 1621 452 1714 Super
483 1619 612 1688 leonem
645 1630 678 1690 ct
710 1619 853 1712 aspidem
885 1617 1080 1702 ambulabis,
1112 1615 1314 1687 conculcabis

173 1728 357 1798 leunculum
384 1737 417 1796 et
438 1726 615 1794 draconem.
663 1721 715 1794 14.
738 1727 819 1813 Quia
841 1726 875 1794 iu
896 1749 949 1792 me
971 1724 1144 1816 acquievit,
1171 1723 1313 1794 liberabo

172 1853 265 1908 cume
292 1833 436 1924 exaltabo
459 1857 549 1914 eum,
571 1833 644 1924 quia
667 1835 817 1924 cognovit
838 1854 959 1900 nomeu
980 1855 1100 1900 meum.
1146 1831 1199 1898 15.
1222 1831 1313 1898 lnve

170 1941 252 2009 cubit
272 1963 334 2026 me,
352 1949 388 2028 ‚et
408 1939 607 2030 respondebo
629 1939 672 2007 ei:
693 1963 768 2007 cum
789 1939 860 2030 ipso
883 1963 939 2006 ero
961 1939 995 2004 in
1011 1937 1224 2024 tribulatione,
1249 1939 1313 2006 eri·

170 2047 256 2137 piam
277 2069 353 2114 eum
375 2057 408 2114 et
428 2045 607 2137 glorificabo
630 2069 721 2114 cum:
744 2045 797 2114 16.
811 2044 1023 2137 Longitudine
1044 2028 1168 2114 demin
1188 2043 1312 2114 satiabo

47 2218 52 2224 .
170 2175 254 2238 eum,
275 2161 308 2219 et
330 2151 496 2220 ostendam
518 2151 548 2219 ei
570 2151 704 2220 salutem
726 2175 842 2220 meam.

250 2299 299 2360 13.
319 2302 418 2378 Serpa·
442 2299 553 2357 bonam
577 2305 605 2358 et
624 2298 756 2378 aspidem
774 2305 828 2358 ete.
869 2293 1029 2357 Confflmat
1047 2294 1108 2358 aliie
1129 2293 1222 2356 verbis
1242 2313 1312 2359 ean-
1428 2295 1429 2308 *

172 2377 237 2437 dem
267 2378 447 2438 sententiam.
490 2375 630 2457 Lepidum
654 2378 770 2436 uomiue
795 2378 872 2457 prius
895 2377 1007 2438 notavit
1033 2376 1179 2438 obstacula
1205 2378 1312 2452 omnia,
1428 2393 1429 2400 ¹

170 2457 274 2538 quibus
298 2457 416 2516 molitur
440 2455 530 2516 Satan
553 2457 723 2537 abrumpere
748 2456 846 2516 salutis
870 2464 985 2516 nostrae
1014 2474 1140 2516 cursum.
1178 2454 1313 2536 lumper
1428 2507 1429 2512 ,

169 2539 314 2618 usp-idem,
333 2539 466 2610 leonem,
480 2539 646 2598 hamulum
668 2545 697 2596 et
720 2537 894 2607 drocmeem,
915 2534 1055 2617 significat
1073 2533 1235 2596 mortiferos
1259 2554 1310 2598 ea·
1376 2573 1384 2584 -
1428 2547 1429 2620 ]

170 2637 219 2676 sua
240 2616 343 2696 quibus
363 2616 480 2676 obnoxii
500 2619 639 2676 sumusin
659 2615 777 2676 mundo.
818 2613 903 2676 Certe
923 2616 1060 2695 quamdiu
1080 2616 1127 2676 bie
1147 2617 1310 2696 peregrina-

171 2717 245 2772 mur,
266 2694 469 2769 ambulandum
489 2694 572 2754 uobis
591 2696 726 2756 estiatur
745 2714 844 2756 meras
863 2696 952 2770 ierus,
972 2701 1022 2756 eut
1041 2695 1183 2756 virulente
1202 2697 1310 2757 anima·
1428 2695 1429 2742 ἶ

170 2778 216 2836 lin.
258 2773 335 2852 Quid
359 2794 427 2855 ergo
452 2774 535 2834 uobis
559 2773 654 2849 fieret,
680 2775 734 2834 uisi
760 2777 908 2835 victorium
927 2775 1010 2835 uobis
1030 2777 1208 2854 promitteret
1227 2774 1312 2836 Deus

169 2861 268 2916 contra
289 2861 332 2914 tot
351 2873 451 2928 noxas
472 2862 546 2933 quae
565 2855 677 2914 assidue
696 2853 778 2913 uobis
798 2856 979 2935 impendent?
999 2853 1138 2934 Quisquis
1157 2874 1226 2936 ergo
1241 2875 1309 2916 suas
1428 2865 1429 2874 ¹

167 2936 339 2994 tentationes
357 2935 508 3014 expendet,
527 2945 586 2994 unu
607 2934 756 2994 mirabitur
775 2931 962 3016 hyperbolica
976 2936 1112 3014 loquendi
1122 2935 1214 2998 dorma
1225 2955 1311 2999 usum
1428 2955 1429 2958 ’

160 3016 256 3073 *luisse
275 3012 464 3094 Prophetam,
490 3021 522 3072 ut
545 3013 643 3076 iideles
667 3016 804 3074 eximeret
831 3033 849 3076 a
869 3015 1056 3095 trepidatione
1080 3022 1110 3074 et
1129 3022 1222 3076 metu:
1249 3017 1319 3076 imo'
1428 3045 1429 3058 2

169 3113 228 3154 non
249 3092 325 3153 dicet
348 3113 409 3152 esse
428 3093 619 3174 hyperbolen,
643 3097 710 3174 quia
735 3113 804 3154 vere
828 3093 872 3154 ins
891 3094 984 3155 verbis
1003 3093 1158 3174 respondet
1176 3095 1307 3166 effeetus.

172 3171 232 3232 Nos
252 3173 367 3252 quidem
387 3175 487 3254 procul
506 3193 524 3233 a
544 3174 667 3234 telorum
686 3176 771 3248 iaetu,
791 3175 923 3234 videmur
938 3175 1091 3255 plusquam
1099 3175 1237 3250 bellicosi,
1256 3175 1310 3236 sed
1428 3193 1429 3266 J

172 3254 201 3312 iu
222 3254 345 3312 minimis
365 3252 526 3332 quibusque
546 3255 666 3338 negotiis
685 3255 782 3315 leones
801 3255 884 3314 uobis
904 3261 935 3314 et
954 3255 1090 3314 dracones
1102 3255 1245 3334 fingimus,
1265 3257 1309 3314 vi-

171 3333 341 3429 demurque·
353 3333 436 3393 uobis
455 3335 490 3392 ad
512 3334 608 3415 plures
627 3335 904 3431 lanienaserpositi,
923 3334 997 3472 islepJ
1009 3335 1226 3431 sermonem-ud
1245 3355 1310 3431 seu:
1428 3389 1429 3420 ,

169 3431 236 3472 snm
265 3431 356 3472 eamus
388 3419 501 3472 nostrae
537 3421 737 3494 attemperavit
768 3413 923 3496 Propheta.
998 3414 1027 3474 br
1052 3415 1180 3497 aspidem
1209 3415 1311 3478 Graeci

168 3499 329 3564 verterunt,
350 3491 520 3553 Hebraieum
540 3513 645 3554 nomeu
664 3493 776 3554 leonem
796 3495 949 3574 significat:
969 3500 998 3554 et
1017 3495 1047 3554 in
1067 3494 1193 3575 seeupdo
1217 3513 1310 3558 mem·
1428 3519 1429 3564 ᾗ

167 3572 220 3634 bro
250 3574 378 3654 repetitio
407 3581 450 3632 est
474 3572 610 3670 Hebraeis
635 3575 750 3670 peitate:
765 3575 903 3670 ‘ideoque
927 3573 1058 3636 subtilius
1081 3577 1157 3636 inter
1184 3582 1309 3656 quatuor
1374 3639 1376 3643 ,
1428 3623 1429 3642 ,

167 3653 1037 3797 tttnltlttffl,tltll'tttntttttt·“itt
1052 3655 1309 3797 ttttttt

168 3832 262 3884 eoum,
282 3813 407 3872 occultas
427 3753 659 3894 nbbusflquibus
679 3815 812 3875 insidiose
831 3821 861 3876 et
880 3777 918 3874 erl
936 3755 1084 3896 lbnpiubto
1104 3813 1306 3897 quasiex'ser·
1428 3883 1429 3904 χ

168 3900 286 3974 pentum
312 3889 425 3952 latebris
447 3894 622 3972 impetimur.

196 3969 199 3978 ⁸
247 3971 295 4032 14.
319 3977 397 4046 Quin
415 3981 448 4032 tn
465 3996 512 4034 me
529 3980 683 4056 acquievit.
722 3971 766 4034 Ne
784 3972 924 4032 fastidiosi
943 3975 1031 4033 simus
1052 3974 1082 4034 in
1106 3981 1165 4034 tam
1191 3972 1308 4054 prolixo
1428 3977 1429 4008 ³

168 4070 314 4125 sermone,
339 4052 654 4112 teuendnm'··memoria
679 4059 722 4112 est
747 4052 826 4132 quod
851 4053 925 4126 dixi,
950 4051 1124 4134 Prophetam
1149 4054 1310 4118 infirmitati
1428 4111 1429 4114 ,

169 4137 284 4190 nostrae
309 4131 364 4191 bue
389 4131 474 4190 modo
498 4134 675 4212 prospicere,
705 4135 771 4213 quia
794 4135 944 4213 bunquum
969 4138 1039 4194 satis
1063 4140 1227 4196 constanter
1252 4132 1310 4193 Dei

42 4259 46 4275 ,
169 4212 363 4290 providentiae
383 4211 538 4283 innitimur,
559 4213 608 4271 nbi
627 4218 746 4298 apparet
766 4213 916 4274 discrimen
935 4215 1061 4294 aliquod.
1102 4213 1167 4274 Hoc
1186 4213 1308 4274 consilio

169 4307 245 4350 nuno
269 4310 386 4370 quoque
411 4287 505 4350 Deum
529 4291 695 4371 loquentem
719 4292 828 4352 inducit
852 4292 1012 4373 Propheta,
1039 4299 1072 4354 ut
1097 4295 1159 4354 eius
1184 4311 1308 4374 persona
1428 4313 1429 4320 ¹

169 4369 319 4431 confirmet
339 4370 417 4451 quod
438 4373 516 4452 prius
536 4371 642 4432 docuit.
682 4370 764 4432 Deus
784 4380 880 4434 autem
900 4391 917 4432 e
937 4374 1019 4434 coelo
1035 4376 1232 4455 pronuntians,
1249 4371 1307 4456 pub

135 4465 142 4478 '
491 4467 509 4510 s

682 4607 695 4662 l
