2862 4888
180 289 242 344 ,75
414 271 466 347 '¹
560 323 567 332 ,
629 289 921 328 oneratura

208 409 386 473 celebrentur
405 409 459 471 llei
484 407 634 480 beneficia,
666 427 741 488 quae¹
764 411 872 469 animos
897 410 932 469 ad
959 407 1110 490 gratiarum
1131 411 1270 471 actionem
1291 397 1349 470 sti-

207 491 324 552 mulent.
337 487 494 569 ‘Quantum
507 489 564 548 adt
587 507 729 569 mpanom.
750 489 895 561 citharam,
914 496 941 548 cl
954 491 1068 550 nablum
1086 493 1195 564 attinet,
1215 491 1346 550 diximus

207 570 283 646 alrhi,
302 577 332 630 et
372 577 451 630 ostea
470 568 551 628 dicen
573 587 619 629 um
640 567 835 643 erit,·Irevitaa
854 588 912 628 non
927 568 977 632 aba
992 589 1023 629 re
1037 571 1152 630 musicis
1166 574 1343 630 instrumen-

206 653 246 736 tis¹
262 670 330 710 usos
349 591 436 710 inisse
455 647 507 708 suh
527 645 617 728 Lege:
638 649 704 728 quia
724 654 853 707 tenerum
872 648 965 709 adhue
984 656 1014 710 et
1031 651 1128 732 pueris
1147 649 1267 710 similem
1288 671 1343 730 po-

206 731 308 812 pulum
327 728 409 788 Deus
433 725 537 788 talibus
561 728 727 788 rudimentis
752 728 853 787 docere
872 729 964 790 voluit
989 748 1080 810 usque
1105 729 1142 788 ad
1163 727 1268 790 Christi
1290 731 1342 790 ad-

147 821 151 829 *
208 803 334 871 ventum.
355 807 439 870 Nunc
459 806 506 867 ubi
516 804 660 887 Evangelii
681 808 801 881 claritas,
821 807 952 868 discussis
972 801 1079 870 ur'nbris
1098 807 1259 889 legalibus,
1277 811 1343 868 eol-

207 897 268 950 tum
280 887 335 948 Dei
355 889 444 970 magis
463 887 620 968 simplicem
638 886 721 946 nohis
741 887 928 963 commendat,
948 889 1036 948 stulte
1054 907 1088 948 ac
1107 908 1255 969 perperam
1275 890 1341 948 imi-

204 977 330 1028 taremur
369 967 431 1026 uod
445 965 589 1047 Propheta
608 967 719 1026 nonnisi
739 969 824 1026 aetati
843 986 912 1027 auae
930 987 1032 1048 praece
1054 971 1082 1028 ἱι
1117 967 1199 1029 Unde
1218 976 1343 1050 apparet

147 1085 153 1096 ·
204 1049 334 1130 Papistas
348 987 415 1106 hoe
438 1045 473 1142 ad
494 1065 524 1106 se
544 1045 756 1140 transiet-eade,
782 1047 877 1142 simias
896 1047 991 1118 icisse.
1032 989 1093 1108 §ab
1112 1051 1263 1110 novilunio
1280 1069 1340 1146 per

203 1127 404 1270 stilti?
417 1123 1340 1288 ttttatt‘j‘fttff‘tttilethatii?tatthtttt?
1423 1223 1424 1232 a

202 1289 306 1428 mullum,
335 1285 437 1366 quihus
463 1304 494 1355 se
517 1303 555 1346 ex
574 1283 656 1366 Legis
679 1285 853 1366 praescripto
878 1285 1012 1347 sistebant
1032 1285 1129 1377 fideles
1148 1288 1185 1348 ad
1204 1287 1337 1350 taberna-

141 1384 146 1393 “
201 1389 218 1430 c
251 1386 308 1428 um.
373 1394 385 1424 ι
735 1417 740 1424 .

281 1447 310 1509 5.
341 1450 421 1520 Quia
439 1451 593 1505 etatulam.
633 1441 702 1521 Quo
721 1443 863 1506 efficacior
887 1446 924 1506 ait
943 1443 1119 1520 exhortatio,
1148 1445 1238 1531 legem
1259 1445 1338 1509 hane

201 1526 364 1607 impositam
388 1542 451 1584 erae
476 1523 561 1602 docet
585 1523 693 1605 populo
713 1523 782 1597 Dei,
813 1543 870 1606 qua
896 1526 1038 1586 muniatur
1058 1531 1203 1586 aetern’om
1221 1525 1335 1588 hedos.

201 1605 279 1684 Quia
299 1611 393 1664 autem
412 1605 442 1663 in
461 1602 620 1663 foederibus
639 1611 738 1664 mutua
758 1611 803 1664 est
826 1606 991 1666 conventior
1022 1603 1089 1666 dicii
1112 1605 1168 1665 hoe
1193 1613 1334 1670 statutum

197 1687 300 1746 datum
320 1684 407 1744 fuisse
426 1681 530 1754 lsratli,
550 1689 580 1742 et
598 1681 693 1742 Deum
713 1682 765 1744 sihi
780 1684 842 1743 hoc
860 1686 905 1744 ius
925 1686 1073 1766 pepigisse.
1098 1690 1193 1755 ntfftt
1214 1685 1334 1766 quidam

134 1827 142 1846 ,
200 1765 366 1826 derivante
385 1761 474 1822 verbo
494 1764 574 1830 iiiii
593 1763 670 1842 qued
691 1762 830 1842 signifieat
849 1783 963 1825 ornare:
984 1773 1013 1825 et
1032 1763 1263 1839 aemuntlleeur,
1282 1767 1343 1843 rel„

72 1889 75 1896 1
200 1839 521 1922 ornamentumloaeph,
541 1841 590 1902 sed
605 1842 748 1904 deseendit
767 1845 862 1925 potius
881 1861 898 1904 a
918 1849 984 1915 'tw
1004 1850 1033 1904 et
1051 1850 1203 1904 contextus
1221 1845 1333 1928 flagitat

198 1945 253 2008 pro
272 1922 434 1984 testimonio
453 1922 500 1981 ret
520 1921 651 2002 pactione
673 1925 771 2004 accipi.
809 1915 946 1983 Ueterum
973 1925 1002 1982 in
1026 1925 1140 1988 nomine
1158 1927 1266 2006 loseph
1284 1945 1332 1985 re-

200 2006 296 2087 spexit
312 2000 458 2082 Propheta
476 2001 513 2061 ad
533 2005 652 2082 primam
673 1999 823 2083 originem,
848 2023 938 2082 quum
957 2011 1024 2084 post
1043 2010 1164 2063 mortem
1183 2001 1267 2064 laeob
1287 2003 1331 2066 di·
1423 2053 1424 2066 ,

199 2087 317 2146 sanetae
336 2083 452 2144 luerunt
470 2079 599 2141 lamdioe.
627 2078 699 2142 Nam
720 2084 786 2160 quia
806 2084 931 2142 nondum
952 2083 987 2142 ad
1008 2082 1142 2142 lehudam
1161 2092 1332 2163 pervenerat

198 2169 267 2224 tune
287 2164 438 2244 primatus,
457 2159 558 2221 Ruhen
579 2179 649 2221 vero
669 2161 757 2241 grado
777 2163 955 2243 primogeniti
975 2163 1133 2237 exciderat,
1156 2165 1258 2224 merito
1278 2185 1330 2226 ex·

198 2244 296 2304 celluit
315 2244 465 2324 posteritas
476 2239 579 2322 loseph
599 2239 636 2300 oh
656 2241 821 2301 memoriam
843 2240 984 2302 beneficii:
1004 2245 1069 2322 quia
1080 2243 1198 2305 fratrum
1208 2263 1330 2304 suornm
1348 2276 1351 2284 ν

197 2327 340 2403 totiusque
358 2321 449 2401 gentis
468 2327 551 2403 pater
569 2326 597 2380 et
616 2321 749 2380 nutritios
769 2321 869 2382 iuerat.
899 2319 1034 2381 Ceterum
1053 2319 1173 2383 foederis
1193 2325 1330 2383 sanctita-

196 2411 255 2463 tem
274 2403 387 2483 speciali
407 2407 476 2461 nota
495 2401 678 2460 commendat
696 2397 850 2482 Propheta,
870 2403 937 2480 quia
949 2399 1029 2462 Dens
1048 2402 1187 2483 populum
1206 2402 1258 2462 sibi
1277 2421 1326 2463 ae·
1423 2445 1424 2452 ι

195 2483 339 2564 puisieral,
358 2482 424 2542 dum
444 2479 523 2540 hune
543 2479 682 2540 honorem
701 2478 753 2539 sibi
773 2479 873 2540 deferri
893 2481 1119 2560 stipulatorem:
1139 2483 1195 2542 assi
1208 2482 1326 2556 diceret,
1423 2555 1424 2558 Ἴ

194 2563 373 2642 redemptum
392 2561 478 2620 luisse
498 2558 553 2619 hae
572 2559 634 2639 lege
653 2559 802 2639 populum,
822 2567 855 2619 ut
873 2565 953 2620 statis
967 2559 1064 2620 diebus
1078 2561 1113 2621 ad
1129 2561 1323 2624 renovandam

194 2644 300 2724 gratiae
319 2641 486 2699 memoriam
506 2639 670 2698 conflueret.
689 2636 816 2699 Verbum
837 2661 926 2722 quom
944 2663 1080 2720 egeamus
1097 2651 1149 2714 eat,
1168 2649 1227 2702 tam
1247 2639 1323 2714 Deo,

194 2739 281 2802 quam
300 2719 408 2856 populo
429 2721 571 2779 convenit.
590 2717 669 2778 Trita
680 2719 755 2779 enim
770 2725 814 2778 eat
828 2719 969 2798 loquutio,
990 2718 1084 2780 Deum
1099 2721 1195 2782 coram
1211 2721 1322 2802 popolo
1423 2743 1424 2750 ¹

193 2821 246 2861 suo
265 2817 331 2880 egre
353 2801 371 2872 i,
389 2799 464 2858 sicut
482 2804 581 2878 pastor
597 2805 722 2880 gregem,
742 2799 789 2858 vel
809 2799 869 2858 dux
887 2800 1046 2860 exercitum
1064 2800 1216 2880 praeeedit.
1235 2798 1321 2861 Prae·
1423 2859 1424 2866 ,

192 2881 295 2961 positio
319 2883 429 2960 Super,
458 2875 627 2956 quibusdam
651 2876 765 2936 ridetur
789 2884 890 2938 notare
918 2879 1048 2939 altiorem
1071 2879 1191 2941 lodaeae
1219 2881 1321 2940 eitum:
1423 2933 1424 2954 2

192 2961 258 3040 quia
278 2957 451 3018 adscendunt
470 2959 520 3035 qui
539 2956 734 3017 illucveoiunt
753 2958 942 3038 eergypto.
963 2957 1025 3039 Ego
1038 2966 1135 3020 autern
1153 2961 1320 3040 simpliciter

191 3042 361 3120 interpretor
385 3036 537 3118 populum,
561 3043 714 3116 praeeunte
734 3035 812 3109 Deo,
836 3037 923 3098 libere
945 3045 1131 3119 pervagatum
1154 3040 1242 3099 fuisse
1267 3059 1320 3120 per
1423 3063 1424 3072 ¹

189 3125 294 3180 terram
309 3116 443 3198 Aegypti,
463 3117 531 3196 quia
550 3116 645 3189 fractis
665 3136 699 3176 ac
717 3116 872 3198 pavefactis
890 3119 991 3176 incolis
1009 3118 1093 3178 datus
1112 3126 1155 3179 est
1173 3121 1317 3178 transitus.
1423 3185 1424 3196 p

190 3197 319 3259 Gratiam
337 3197 510 3257 liberationis
530 3195 698 3277 amplificat,
728 3197 822 3257 dicens
843 3198 870 3256 in
890 3217 1010 3278 persona
1029 3199 1118 3258 totius
1142 3199 1256 3280 populi,
1285 3217 1318 3260 se
1423 3199 1424 3222 ¹

188 3279 274 3340 luisse
293 3295 330 3338 ex
349 3276 489 3356 prolnnda
508 3273 637 3336 barbarie
655 3283 794 3358 ereptum,
813 3275 883 3336 nilril
900 3278 977 3337 enim
997 3278 1141 3337 molestius
1158 3285 1210 3352 est,
1230 3295 1318 3358 qnam
1423 3291 1424 3358 J

171 3355 374 3441 ”peregrinari
393 3355 469 3438 apud
489 3365 602 3438 gentem
631 3375 698 3416 enm
718 3376 774 3435 qua
794 3355 872 3415 nulla
891 3358 927 3416 sit
952 3357 1064 3437 linguae
1087 3357 1318 3431 communicatio,
1423 3373 1424 3436 j

209 3457 261 3498 nae
282 3438 464 3516 praecipuum
484 3443 528 3496 est
547 3438 687 3496 societatis
702 3435 855 3495 vinculum.
876 3433 953 3513 Quia
973 3439 1047 3496 enim
1067 3435 1163 3517 lingua
1182 3436 1318 3498 estvelnt
1423 3449 1424 3460 ¹

188 3539 204 3576 e
224 3524 334 3578 araeter
353 3517 454 3576 mentis
474 3533 508 3575 ac
527 3514 684 3594 speculum,
703 3535 762 3576 nen
786 3535 867 3576 secus
882 3535 916 3574 ae
930 3515 1072 3584 silvestres
1088 3515 1178 3591 ierac,
1192 3517 1315 3578 invicem
1423 3519 1424 3526 ’

187 3598 270 3659 alieni
294 3602 361 3656 suot
385 3597 435 3674 qui
460 3602 557 3655 carent
580 3594 691 3674 linguae
711 3614 774 3654 usu.
814 3595 985 3667 lesaias33,
1004 3597 1052 3657 19.
1072 3615 1161 3676 quum
1181 3595 1244 3654 vult
1262 3595 1314 3654 du-

86 3673 89 3680 ’
187 3679 327 3739 rissimnm
348 3675 649 3758 suppheium‘minari‚
670 3675 834 3754 pronuntiat
846 3680 982 3734 venturos
1001 3674 1098 3734 hostes
1116 3673 1314 3756 proluudisla·
1423 3679 1424 3712 ³

31 3735 34 3743 ¹
153 3754 247 3829 ‚bria
267 3763 297 3817 et
315 3757 434 3816 conloco
454 3760 575 3834 gutture.
618 3751 719 3834 ltaque
738 3773 773 3812 eo
793 3754 979 3836 praestantius
999 3753 1055 3814 Dei
1074 3752 1243 3815 heneficium
1262 3773 1313 3836 po·

185 3837 269 3918 polus
294 3837 434 3916 agnoscit,
457 3833 536 3917 quod
561 3832 597 3894 ah
616 3833 766 3916 Aegyptiis
788 3840 902 3915 ereptus
920 3833 1020 3912 fuerit,
1044 3853 1167 3915 quorum
1186 3835 1313 3916 linguam
1423 3899 1424 3920 p

126 3941 134 3952 „
183 3937 241 3978 nou
261 3913 441 3992 intelligebat.
1423 3931 1424 3954 t

196 4040 199 4048 ι
261 3995 290 4057 7.
312 3999 419 4054 Amavi
437 3993 475 4052 ed
494 4015 588 4054 onere.
618 3990 672 4052 ldie
690 3992 748 4053 iam
766 3991 847 4054 Dens
867 3991 969 4075 quihus
989 3997 1019 4054 et
1037 3993 1150 4075 quantia
1169 3991 1313 4054 benediciis
1423 4049 1424 4067 ,

184 4075 236 4136 sihi
256 4073 415 4142 devinxerit
428 4072 571 4210 populum
582 4073 667 4133 lsrail
682 4083 893 4134 commemorat.
935 4071 1009 4133 Num
1029 4092 1088 4154 quo
1107 4073 1234 4153 asperior
1251 4073 1311 4132 ine·

183 4161 228 4214 rat
247 4155 368 4216 servitus
387 4171 425 4213 un

446 4171 463 4211 e
481 4153 571 4232 erepti
590 4151 710 4226 buerant,
730 4160 765 4211 eo
785 4153 936 4234 optabilior
955 4161 985 4214 et
1002 4154 1094 4233 magis
1133 4153 1238 4212 retiosa
1257 4152 1312 4226 init

183 4233 304 4294 libertas.
345 4231 444 4312 Quum
463 4249 533 4311 ergo
552 4230 696 4312 Propheta
717 4231 803 4292 reiert
821 4239 955 4292 curvatos
974 4233 1061 4296 misse
1080 4173 1133 4292 auh
1157 4250 1258 4305 onere,
1281 4237 1311 4292 et

6 4273 7 4300 ¹
66 4313 71 4320 “
182 4312 315 4394 figulinae
332 4312 470 4385 addictos,
488 4310 608 4392 aliisque
626 4309 774 4370 servilibus
790 4310 911 4372 etduris
927 4314 1029 4391 operis,
1048 4312 1205 4374 conhados
1219 4317 1310 4372 status

180 4394 254 4454 inter
272 4411 305 4454 se
323 4409 505 4473 comparans,
528 4391 618 4471 magis
641 4389 763 4450 illustrat
786 4390 986 4471 redemptionis
1004 4392 1131 4472 gratiam
1172 4389 1256 4496 hunc
1273 4389 1310 4450 ah
