2890 4886
196 295 249 352 196
308 254 310 258 ¹
621 267 944 334 r.canrrnns''

197 425 292 480 autem
311 437 404 491 mane,
422 417 490 497 qnia
510 416 534 474 si
554 413 658 474 resides
678 415 734 474 sint
754 433 789 473 ac
807 413 875 473 lenti
886 411 1040 494 Principes,
1053 399 1119 472 ‘non
1132 411 1200 475 salis
1216 417 1330 492 temps

196 500 269 560 stira
289 506 438 558 occurrent
458 494 590 554 sanandis
602 494 699 554 malis.
730 491 877 572 Principiis
896 512 964 572 ergo
984 491 1166 552 obstandum:
1185 490 1275 550 modo
1293 508 1331 554 ne

197 579 359 640 iracundias
377 575 521 656 indulgeat
540 573 635 646 iudex,
654 574 701 632 vel
720 593 751 634 se
773 572 979 652 inconsiderate
1004 573 1178 652 praecipitet.
1219 568 1331 628 Plurali

142 671 145 679 ’
198 661 283 718 stiam
302 676 422 716 numero
446 659 564 714 notatur
589 653 723 712 contiuua
747 654 909 711 strenuitas:
935 653 1003 731 quia
1026 669 1084 710 nou
1103 651 1176 714 saris
1190 655 1268 710 assat
1283 647 1331 706 ln·

198 737 289 798 dicem
309 737 396 796 semel
415 740 501 814 atque
519 734 621 792 iterum
642 731 749 813 poenas
775 730 964 812 oerimprotus
983 749 1082 791 sevme
1101 731 1252 792 alacriter
1271 727 1332 786 exi·

198 837 274 899 gere,
303 817 357 875 nisi
380 815 411 872 iu
434 813 508 872 hanc
533 829 631 872 curam
655 817 869 955 perseveranter
896 813 1021 870 intentus
1045 815 1128 869 asset.
1169 807 1332 867 Damnatus

199 903 296 958 autem
315 895 369 954 hac
390 911 460 952 voce
479 895 509 952 in
529 891 653 972 Principi
674 911 707 952 us
728 890 872 972 segnities,
902 889 949 949 nbi
968 888 1114 1028 improbos
1134 888 1262 948 videntes
1282 904 1332 945 an·

182 977 295 1035 ‘dacter
324 973 361 1032 ad
405 971 559 1032 occandum
580 991 673 1039 ruere,
696 971 745 1030 vel
764 977 843 1030 metu
866 970 912 1030 vel
938 964 1210 1049 irrdngdntiadism
1229 966 1266 1026 de
1286 965 1334 1025 die

199 1053 325 1114 trahunt.
397 1052 546 1110 emiserint
569 1069 639 1131 ergo
665 1049 758 1130 Reges
783 1057 812 1114 et
831 1048 1011 1128 Magistratus
1036 1067 1067 1108 se
1092 1047 1187 1127 gladio
1205 1051 1334 1106 armatos
1435 1071 1436 1086 ι

171 1164 174 1170 ’
199 1153 272 1204 esso,
294 1139 325 1190 nt
343 1130 400 1190 Dei
419 1130 521 1190 iudicia
541 1137 655 1192 strenue
674 1135 703 1190 et
722 1136 832 1190 mature
851 1135 1051 1207 exsequantur.
1070 1126 1137 1189 Non
1156 1126 1251 1208 potuit
1270 1125 1335 1206 qui·

200 1215 265 1274 dem
295 1211 391 1270 David
427 1229 549 1290 purgare
583 1208 715 1270 omnihus
739 1211 958 1288 inquinamentis
992 1214 1113 1280 terram,
1148 1204 1335 1288 quantamvis
1435 1253 1436 1280 ,

201 1294 327 1354 animose
347 1292 375 1349 iu
396 1308 458 1350 cam
479 1310 539 1348 rem
559 1289 747 1350 incumberet:
767 1288 816 1347 sed
837 1295 946 1347 tantum
956 1289 1096 1369 promittit
1114 1307 1144 1346 sc
1163 1283 1272 1364 absque
1292 1283 1334 1341 ul·

200 1373 255 1431 lins
275 1387 414 1450 personae
434 1375 564 1448 respectu
583 1387 713 1433 severum
734 1368 796 1428 iore
814 1368 936 1428 indicem
956 1367 1143 1427 adtollendus
1162 1383 1263 1425 omnes
1281 1365 1335 1422 im·
1435 1395 1436 1402 ι

200 1453 272 1532 pios.
313 1447 454 1512 lodicibus
474 1455 570 1508 auteur
589 1467 674 1532 saepe
693 1447 788 1510 obstat
807 1448 950 1520 timiditas,
969 1466 1006 1506 ne
1026 1447 1222 1506 satiaviriliter
1242 1439 1336 1502 maios
1435 1441 1436 1496 3

200 1531 406 1612 protervientes
426 1535 617 1608 compescant.
657 1525 756 1606 Quare
780 1546 893 1586 necesse
916 1533 960 1586 ost
984 1545 1046 1585 csse
1070 1525 1212 1606 praeditos
1232 1524 1337 1602 spiritu

201 1611 322 1670 invictae
341 1607 551 1686 magnitudinis,
572 1613 604 1666 nt
623 1607 687 1666 irati
697 1604 753 1665 Dei
763 1599 1002 1677 auxilio,‘munus
1021 1605 1072 1665 sibi
1087 1608 1244 1664 iniunctum
1255 1619 1336 1682 peru-
1435 1599 1436 1652 i

202 1695 278 1768 gant.
299 1687 410 1748 Deinde
418 1685 535 1746 ambitio
555 1693 584 1746 et
604 1685 839 1765 gratiailcxibiles
859 1704 908 1745 cos
923 1686 1024 1758 reddit,
1037 1703 1073 1745 ne
1084 1675 1224 1764 aequabili
1234 1667 1337 1740 ienore

202 1768 308 1862 scelera
328 1767 377 1826 nbi
397 1771 513 1846 oportet
531 1767 659 1846 puniant.
688 1764 764 1842 Hinc
775 1764 941 1860 'colligimus
952 1773 1128 1844 quantopere
1148 1763 1261 1843 placeat
1269 1759 1336 1820 Deo

202 1844 980 2003 tttttttltottttttttttt‘ltmtttt
1000 1861 1180 1982 stitit
1190 1839 1340 1980 diditi

131 2033 133 2040 ν
224 2003 337 2063 eemndi
357 2001 487 2062 illecebra
507 2019 593 2080 qnam
612 2001 775 2082 impunitas.
814 2000 881 2060 ldeo
900 2001 1053 2062 tenendum
1072 1999 1143 2060 illud
1162 1999 1339 2069 Solomonis,

202 2023 291 2144 Bran.
312 2083 360 2153 17,
380 2083 427 2144 15.
459 2078 520 2158 Qui
538 2079 671 2139 iustificat
689 2081 809 2160 impium
829 2089 858 2140 et
876 2081 1045 2142 condemnat
1053 2083 1242 2153 innocentem,
1262 2083 1341 2136 nter·

203 2181 261 2241 qne
280 2160 452 2230 abominatio
471 2163 517 2220 est
536 2158 609 2218 Deo.
639 2157 841 2238 Emphaticum
860 2161 943 2220 etiam
963 2160 1102 2240 estquod
1122 2159 1210 2232 addit,
1230 2165 1266 2216 at
1285 2177 1341 2216 no·

122 2263 132 2284 r
203 2249 272 2300 aios
291 2247 478 2300 calmacianus
496 2263 513 2298 e
531 2235 723 2300 cindateDor'.
755 2237 828 2296 Nam
848 2240 873 2300 si
892 2239 1017 2318 profanis
1030 2241 1115 2300 etiam
1124 2237 1251 2317 Regibus
1261 2229 1342 2295 com·

202 2321 327 2379 maniter
350 2319 484 2378 mandata
506 2325 551 2378 est
570 2319 709 2378 scelerum
728 2317 860 2392 vindicta,
883 2318 988 2377 sciebat
1007 2317 1103 2378 David
1122 2315 1258 2378 sanctiori
1280 2315 1342 2374 vin·

204 2399 271 2460 onio
290 2415 322 2458 ss
341 2397 491 2478 adstringi,
511 2415 601 2478 quum
620 2396 763 2458 Ecclesiae
783 2396 839 2456 Dei
858 2405 1008 2478 praeesset.
1046 2396 1087 2457 Et
1110 2403 1187 2457 oeric
1207 2395 1260 2476 qui
1279 2400 1343 2454 ism

203 2477 394 2540 honorificum
418 2477 514 2536 locum
539 2477 697 2572 obducat,-
710 2477 764 2536 nisi
789 2485 908 2536 conatus
929 2496 1026 2536 omues
1045 2496 1113 2537 snos
1133 2474 1285 2536 conterant
1297 2472 1343 2532 'ad

203 2555 1344 2715 didittitt,illiti-'luttolditltltttt‘tsstztt

156 2749 162 2758 ·
204 2717 254 2774 sed
274 2715 359 2774 etiam
379 2716 408 2771 in
429 2712 525 2772 Deum
544 2716 639 2793 ipsum
658 2721 724 2772 sunt
744 2713 878 2792 sacrilegi.
919 2713 980 2774 lam
998 2735 1088 2794 quum
1104 2733 1237 2793 regnum,
1251 2711 1345 2771 Davi·

204 2795 247 2854 dis
268 2793 388 2852 obscura
407 2799 518 2851 tautum
539 2793 624 2855 inerit
643 2793 721 2870 regni
742 2791 848 2852 Christi
872 2795 981 2872 imago,
1006 2789 1173 2853 statuendus
1192 2791 1345 2852 nobis·est

203 2873 234 2931 in
254 2871 348 2930 medio
359 2869 499 2933 Christus.
520 2873 570 2950 qui
589 2873 641 2930 etsi
652 2874 757 2950 patitur
775 2872 881 2930 multos
892 2871 1066 2954 hypocritas,
1085 2871 1223 2952 quoniam
1243 2881 1345 2930 tamen

204 2951 317 3009 futurus
337 2957 381 3009 est
400 2951 499 3008 mundi
519 2948 614 3023 iudex,
634 2949 749 3009 vocabit
767 2950 880 3010 tandem
904 2970 1003 3010 omncs
1022 2951 1227 3024 adactionem,
1247 2957 1284 3008 et
1300 2967 1344 3008 se·

204 3029 331 3110 gregabit
351 3047 440 3108 agnos
455 3028 491 3086 ab
511 3027 618 3086 hoedis.
648 3026 735 3105 Quod
756 3030 780 3087 si
800 3029 913 3088 videtur
932 3031 1089 3110 longiorem
1104 3048 1217 3090 moram
1236 3029 1345 3101 secem

199 3107 389 3248 pppitandnrp
405 3107 486 3166 notis
505 3114 550 3166 est
568 3107 786 3248 dtpsaurpppillp
805 3127 879 3188 quac
894 3117 1010 3191 repente
1029 3116 1174 3190 exsurgat,
1194 3115 1229 3170 ut
1248 3107 1345 3169 sordi·

277 3206 404 3269 purgata
424 3205 492 3247 vera
513 3205 577 3268 pnu
640 3205 670 3247 re
712 3206 785 3267 gea.

552 3497 989 3609 rsanuus'op.

204 3673 269 3714 Aac.
287 3669 379 3711 ruerus
392 3671 443 3712 toea
455 3673 554 3726 precatio
561 3673 638 3728 saissa
650 3673 736 3714 diototo
741 3671 846 3726 fidelibus
859 3685 922 3728 quern
934 3675 957 3714 a·
973 3673 1042 3716 esitio
1052 3673 1192 3728 Babylonico
1205 3672 1348 3728 lamus.

285 3739 384 3784 Prius·
403 3746 475 3782 ootess
487 3745 564 3784 morata·
580 3749 602 3784 et
615 3743 732 3796 supplices,
750 3743 775 3783 de
787 3743 835 3784 sais
849 3742 1007 3796 afflictionibus
1023 3751 1149 3799 osmer.
1175 3743 1263 3786 Deinde
1279 3743 1351 3784 Urbis

282 3815 372 3852 sanctos
385 3816 406 3852 es
420 3809 502 3864 Templi
514 3812 672 3854 restitutionem
684 3816 733 3854 Deo
747 3809 897 3854 comacinas.
922 3815 956 3854 Et
972 3825 1014 3868 quo
1028 3815 1110 3854 oratore
1116 3814 1206 3866 fiducia
1219 3814 1352 3868 concipiant

284 3893 337 3922 suas
352 3891 438 3934 preces,
457 3880 615 3934 promissiones
633 3882 677 3921 Dei
694 3885 856 3922 sumerent
873 3881 972 3936 defils'ri
989 3887 1034 3922 taos
1048 3884 1121 3936 ,ltrgsi
1137 3897 1201 3938 prona
1215 3883 1352 3922 Sacerdotis·

284 3949 434 3990 renovationes
446 3962 483 3990 seo
496 3953 579 3992 tanturn
597 3949 744 3992 lidi-rationem
760 3951 805 3992 sits*
814 3952 946 4004 promittunt
960 3950 986 3992 od
1000 3951 1075 4006 exilio,
1093 3951 1211 3995 sedetiam
1221 3959 1354 4006 precanter

283 4019 471 4070 conresurget
490 4023 511 4057 et
519 4017 615 4070 populos
633 4019 673 4060 sot
687 4019 808 4074 obsequiosus
825 4033 887 4061 susae
905 4027 980 4072 rogat.
1007 4022 1099 4063 Tandem
1115 4023 1253 4076 interposita
1266 4035 1353 4064 rursus

264 4092 269 4099 ’
284 4087 344 4128 lireri
360 4087 493 4143 puerinosio
510 4085 536 4126 ds
554 4087 618 4126 tristi
631 4093 652 4128 et
665 4089 753 4143 witao
766 4103 806 4130 seo
819 4095 889 4145 statu,
902 4089 1007 4131 solution
1015 4097 1093 4144 petest
1106 4093 1186 4133 aust
1199 4093 1353 4134 aeternitate.-

284 4159 337 4213 peto
348 4169 424 4200 ursos
437 4170 491 4199 reos
503 4157 526 4196 is
538 4169 596 4210 spons
608 4157 716 4200 meliorest
728 4155 843 4212 adoptans,
856 4173 870 4200 s
883 4160 987 4202 commi
1000 4161 1107 4202 Ᾰοοιίιιιιιι
1118 4167 1183 4203 sos-ts
1192 4163 1339 4216 segregavit.

173 4320 184 4337 ,
254 4262 281 4328 1.
307 4229 602 4340 Precatio'afflicm,
636 4260 762 4348 mando
789 4263 974 4328 constrictus
1002 4263 1075 4344 erit,
1104 4273 1136 4330 et
1164 4287 1280 4330 coram
1309 4263 1355 4330 le

97 4455 98 4470 χ
143 4407 147 4421 ,
205 4363 291 4430 hova
320 4365 458 4432 effundet
489 4364 725 4432 meditationem
751 4386 851 4432 suam.
902 4367 932 4433 2.
958 4366 1074 4436 lehova
1107 4367 1183 4452 audi
1217 4391 1355 4459 precem
