2890 4886
140 154 144 195 l

82 279 86 288 ’
190 277 245 338 m
611 247 895 327 subulcus

191 404 298 484 irrigua
316 402 352 464 sit
370 401 419 462 illa
488 399 531 477 'ol
553 407 651 466 lamen
673 399 721 462 siti
738 401 901 480 amarint
919 401 1056 484 aegyptti
1073 401 1104 464 in
1122 388 1215 484 abusu
1234 397 1337 466 abunt

192 485 295 546 dantia
334 481 440 542 Postea
487 483 536 542 icit
558 483 724 562 productos
750 485 847 563 foisse
876 505 970 544 rocoa
998 501 1073 562 quae
1158 488 1331 556 etraverunt

191 581 283 645 usque
301 556 342 622 ad'
353 563 474 644 Regum
492 562 634 632 codiculo,
652 581 710 639 quo
730 580 762 644 se
779 561 875 644 palam
892 567 1012 624 testatus
1030 567 1075 624 est
1124 581 1175 623 eus
1193 561 1330 624 miraculi

190 663 253 706 esse
270 649 426 702 auctorem.
465 637 526 700 Etsi
546 641 621 700 enim
639 646 701 701 tota
719 639 803 724 Aegy
824 647 869 700 tus
888 647 1010 702 scateret
1028 641 1115 718 ranis,
1133 643 1261 723 oportuit
1281 648 1328 702 ta·

190 743 257 789 meu
275 721 389 816 Regum
412 718 491 782 aulas
515 739 578 814 esse
600 720 754 816 immunem
775 800 783 816 ι
833 727 927 782 terum
946 723 1047 816 Reges
1065 727 1166 796 vocat,
1194 720 1241 782 vel
1260 717 1328 782 Pri·

190 785 1232 961 uxt333r323¹3332333333333⁰rg33u2
1251 819 1329 942 3⁰⁰
1391 943 1403 954 ,

24 961 30 974 ’
65 999 69 1005 -
191 963 343 1034 dictamno,
363 979 449 1040 quam
469 959 550 1019 facile
568 957 649 1020 Deua
671 977 727 1020 uec
750 961 810 1020 sinc
828 959 951 1020 ludibrio
970 959 1001 1020 in
1020 959 1149 1020 ordinem
1168 965 1252 1042 cogat
1271 959 1328 1040 qui
1434 993 1435 996 =

189 1040 546 1201 iigll'ibbuissill·
576 1035 682 1198 lili
697 1039 794 1178 ,tlt
815 1037 949 1178 tlt?
985 1040 1183 1198 illidii
1202 1045 1327 1180 ilbi

190 1200 371 1273 fulminavit,
386 1197 437 1258 sed
461 1197 712 1278 produximus,
736 1216 810 1278 quae
833 1181 939 1258 saltum
961 1197 1037 1257 illius
1062 1161 1154 1278 genus
1173 1204 1327 1260 contume-

189 1281 261 1342 liose
280 1278 431 1352 calcarent,
451 1284 481 1337 et
499 1296 557 1358 qua
575 1278 680 1338 scimus
699 1277 866 1358 despectum
885 1277 971 1338 luisse
989 1283 1084 1338 totum
1102 1275 1211 1338 orbem.
1250 1275 1324 1338 Glo-

189 1361 298 1422 mosum
321 1357 377 1418 illia
390 1353 509 1431 luisset,
531 1355 584 1418 sub
603 1355 727 1416 robustis
745 1356 873 1416 hostibus
893 1355 1007 1418 cadere:
1029 1376 1108 1418 nunc
1125 1357 1201 1416 ranis
1220 1355 1325 1416 cedere

190 1445 330 1522 quantum
352 1442 398 1497 eat
416 1435 555 1497 dedecus?
585 1433 654 1496 'Sed
676 1437 717 1496 ita
760 1435 861 1497 rebare
885 1435 977 1497 voluit
996 1433 1077 1497 Deus
1096 1436 1150 1497 sibi
1167 1455 1228 1496 non
1247 1455 1324 1516 opus

190 1539 254 1581 esse
277 1515 490 1658 ναΙὶᾱίεΙειοομὶὶε
509 1515 547 1578 ad
565 1516 668 1598 impios
758 1515 861 1595 endos,
887 1517 956 1599 quia
974 1515 1098 1580 ludendo
1118 1514 1148 1576 id
1166 1515 1324 1598 praestabit

189 1598 359 1682 quotiesve

279 1813 336 1892 31.
357 1813 463 1902 Dixit,
485 1824 519 1886 et
538 1816 627 1887 venit
648 1839 782 1886 examen
807 1839 1005 1914 muscarum:
1036 1813 1171 1910 pediculi
1196 1815 1230 1881 in
1257 1835 1324 1884 orn·

100 1897 103 1904 ¹
189 1923 224 1992 ni
244 1922 381 1992 termino
402 1945 524 1992 eorum.
568 1923 622 1992 32.
643 1923 756 1993 Posuit
783 1923 907 2016 pluvias
929 1943 1041 1992 eorum
1062 1920 1261 2014 grandinem,
1280 1919 1323 2012 ig·

188 2051 266 2098 nem
297 2029 516 2098 flammantem,
543 2029 579 2096 in
605 2037 687 2097 terra
712 2019 866 2122 ipsbrum.
910 2029 965 2096 33.
980 2026 1035 2096 Et
1066 2027 1220 2119 percussit
1240 2025 1323 2094 vites

190 2158 313 2220 eorum,
334 2143 367 2204 et
387 2133 537 2204 ficulneas
558 2135 719 2227 ipsorum:
739 2145 774 2204 et
795 2135 943 2204 contrivit
964 2134 1109 2202 arborem
1129 2131 1258 2201 termini
1278 2128 1323 2224 ip
1434 2129 1435 2150 ¹

164 2246 310 2310 sorum.
354 2233 410 2308 34.
431 2240 537 2326 Dixit,
569 2252 603 2309 et
627 2224 871 2326 venelloousu,
904 2251 937 2310 et
962 2241 1100 2310 bmmus
1126 2239 1247 2330 absque
1267 2260 1323 2306 uu

187 2361 289 2414 tuero.
333 2344 388 2413 35.
409 2343 454 2413 Et
479 2347 603 2416 voravit
625 2369 755 2416 omnem
775 2343 907 2415 herbam
927 2347 962 2415 in
983 2357 1065 2415 terra
1085 2347 1245 2438 ipsorum,
1290 2353 1324 2412 et

186 2451 387 2555 consumpsit
416 2451 554 2522 fructum
575 2451 695 2522 telluris
716 2453 869 2546 ipsorum.
912 2451 966 2520 36.
988 2449 1031 2520 Et
1051 2451 1204 2545 percussit
1226 2469 1322 2518 omne

187 2559 434 2652 primogenitruu
454 2559 489 2626 in
509 2569 592 2628 terra
613 2559 771 2652 ipsorum,
791 2558 979 2651 principium
1001 2559 1105 2628 omnis
1126 2555 1250 2628 virtutis
1271 2579 1321 2626 eu-

143 2679 147 2688 '
188 2689 273 2734 rum.
317 2665 372 2733 37.
394 2663 438 2732 Et
458 2665 568 2732 eduxit
589 2686 646 2733 eos
672 2687 746 2734 cum
767 2674 904 2758 ,argento
926 2675 959 2734 et
979 2687 1073 2732 auror
1106 2673 1139 2733 et
1159 2663 1267 2731 nullus
1287 2662 1322 2729 iu

188 2765 313 2840 familiis
342 2769 410 2840 eius
431 2768 491 2840 fuit
512 2770 631 2841 debilis.
661 2771 717 2842 38.
733 2769 862 2840 Laetats
883 2779 932 2840 est
952 2771 1117 2864 Aegyptus
1138 2770 1172 2838 in
1194 2789 1323 2864 egressu

189 2899 318 2963 eurum,
339 2876 414 2968 quria
435 2876 587 2946 ceciderat
606 2877 703 2946 timor
723 2901 837 2947 eorum
857 2899 954 2971 super
973 2877 1056 2946 illos.
1138 2903 1144 2918 ⁰

268 3051 317 3112 31.
336 3051 435 3122 naeu,
453 3055 483 3109 et
500 3056 588 3110 occu.
608 3047 730 3110 Dicendi
753 3049 842 3112 verbo
866 3050 1008 3130 exprimit,
1032 3067 1092 3110 nou
1116 3047 1234 3110 fortuito
1257 3068 1322 3106 sau·

191 3149 260 3190 aeos
289 3136 318 3189 et
337 3129 491 3210 pediculos
518 3129 666 3209 prodiisse.
697 3129 811 3196 Scimus
840 3137 936 3192 autem
964 3129 1084 3214 verbum
1102 3127 1160 3188 buc
1178 3125 1322 3208 prolatum

189 3209 276 3302 luissp
296 3227 346 3268 ors
365 3206 466 3304 liceis:
486 3209 553 3287 quia
571 3211 626 3270 etri
682 3228 697 3268 r
716 3229 749 3270 ee
767 3209 848 3270 Deus
866 3209 964 3304 iubare
982 3213 1106 3303 poterat,
1123 3205 1222 3269 Mosen
1236 3207 1320 3266 inter·

188 3292 389 3440 lisinii?
399 3305 638 3448 ,tibilim
657 3295 975 3464 ,i'iimiibiffl
999 3283 1322 3429 ‘ttttt‘tttt

115 3500 119 3508 .
188 3448 260 3528 ipse.
300 3443 376 3506 Nam
399 3446 468 3507 dnm
491 3446 562 3510 nibil
586 3449 680 3509 effobt
701 3449 845 3522 muniatur,
873 3467 887 3508 e
948 3453 1087 3528 quatenus
1107 3444 1164 3506 uu·
1182 3463 1322 3526 organum

188 3532 247 3601 est,
266 3545 371 3589 munus
382 3545 475 3595 ¹ouum
493 3525 614 3588 fideliter
633 3545 700 3608 pera
720 3528 756 3603 it,
779 3547 846 3588 cum
864 3533 983 3588 externa
1001 3528 1064 3588 eius
1079 3545 1151 3588 roca
1170 3525 1322 3586 coniuncta

187 3612 233 3666 cst
255 3605 373 3666 interior
398 3605 487 3666 uirtus
510 3604 645 3688 Spiritus
714 3609 739 3666 'c
757 3625 827 3667 vero
846 3625 945 3668 rursus
963 3604 1122 3667 nuhndum
1140 3611 1198 3678 est,
1215 3601 1321 3664 munds

188 3692 219 3746 et
242 3684 380 3766 pediculis
403 3684 544 3746 subiectos
563 3685 650 3750 luisse
668 3684 843 3766 Aegyptios,
867 3692 901 3746 ut
919 3687 1027 3748 maiore
1045 3685 1152 3767 probro
1172 3682 1254 3744 Deus
1273 3683 1321 3744 eoss

187 3783 255 3825 rum
279 3765 485 3826 contumaciam
504 3765 642 3827 domaret.
682 3765 737 3826 Ubi
756 3765 824 3826 dicit
842 3762 987 3846 Propheta
1000 3768 1122 3847 plautus
1139 3785 1241 3825 eorsum
1259 3783 1322 3822 oer-

187 3865 240 3904 aos
267 3851 301 3904 tu
328 3845 520 3926 yuudmem,
554 3845 694 3928 siguificat
720 3844 883 3906 horribilem
906 3845 993 3908 luisse
1016 3848 1056 3906 im
1178 3839 1322 3923 grandinis

189 3923 241 4002 qui
258 3928 379 3984 naturae
397 3922 486 3984 tribui
504 3944 563 3985 nou
583 3932 689 4005 posset.
712 3923 864 3986 Probabile
881 3926 969 4004 etiam
988 3931 1033 3986 cst
1073 3926 1120 3986 nic
1138 3919 1320 3984 incommodo

189 4003 285 4064 minus
308 4001 464 4062 obnoxiam
482 4023 545 4064 csse
625 4010 730 4085 yptum
749 4022 837 4084 quam
856 4004 925 4066 alias
943 4003 1087 4085 regiones:
1105 4004 1164 4064 imo
1183 4021 1242 4062 non
1262 4018 1320 4060 sae·

187 4101 227 4163 pe
249 4081 378 4162 pluviam
396 4083 510 4162 recipit,
530 4083 580 4144 sed
625 4084 665 4146 ilo
683 4085 831 4164 irrigatur:
851 4104 910 4164 quo
929 4085 1019 4165 magis
1037 4083 1189 4164 Aegyptiis
1207 4079 1260 4140 suit
1280 4081 1321 4138 im
1434 4113 1435 4120 κ

187 4159 319 4236 solitum,
343 4168 455 4221 terram
467 4180 569 4223 eorum
588 4163 725 4242 grabdinu
743 4164 869 4243 percuti:
896 4172 997 4247 ἐμω
1016 4181 1134 4244 quoque
1152 4159 1322 4240 interposuit

186 4237 283 4315 Dens,
309 4259 369 4319 quo
389 4241 455 4320 plus
473 4243 612 4304 incuteret
630 4242 757 4304 terroris.
796 4241 1020 4384 Grfflur
1038 4241 1196 4324 procelloso
1216 4234 1322 4302 turbini

187 4317 244 4378 luit
264 4320 413 4399 permista,
431 4327 466 4382 ut
482 4321 628 4404 Aegyptii,
647 4323 700 4401 qui
716 4320 753 4382 ad
771 4321 826 4382 alia
999 4321 1207 4399 obduruerant,
1226 4326 1322 4382 umen

187 4397 367 4478 expavefacti
390 4401 526 4464 sentirmt
549 4419 617 4464 cum
635 4399 701 4466 Deo
726 4399 780 4464 sibi
797 4420 860 4465 esso
878 4403 1034 4484 negotium.
