<?xml version="1.0" encoding="UTF-8"?>
<!DOCTYPE html PUBLIC "-//W3C//DTD XHTML 1.0 Transitional//EN"
    "http://www.w3.org/TR/xhtml1/DTD/xhtml1-transitional.dtd">
<html xmlns="http://www.w3.org/1999/xhtml" xml:lang="en" lang="en">
 <head>
  <title>
</title>
<meta http-equiv="Content-Type" content="text/html;charset=utf-8" />
  <meta name='ocr-system' content='tesseract 3.04.00' />
  <meta name='ocr-capabilities' content='ocr_page ocr_carea ocr_par ocr_line ocrx_word'/>
</head>
<body>
  <div class='ocr_page' id='page_1' title='image "./ioanniscalvinii04tholgoog_0180.png"; bbox 0 0 2874 4888; ppageno 0'>
   <div class='ocr_carea' id='block_1_1' title="bbox 530 304 1268 364">
    <p class='ocr_par' dir='ltr' id='par_1_1' title="bbox 530 304 1268 364">
     <span class='ocr_line' id='line_1_1' title="bbox 530 304 1268 364; baseline 0.015 -18"><span class='ocrx_word' id='word_1_1' title='bbox 530 305 760 351; x_wconf 81' lang='lat' dir='ltr'><strong>rsrsaaaa.</strong></span> <span class='ocrx_word' id='word_1_2' title='bbox 788 304 859 350; x_wconf 81' lang='lat' dir='ltr'><strong>xcv.</strong></span> <span class='ocrx_word' id='word_1_3' title='bbox 1218 305 1268 364; x_wconf 79' lang='lat'><strong>171</strong></span> 
     </span>
    </p>
   </div>
   <div class='ocr_carea' id='block_1_2' title="bbox 93 430 1314 1950">
    <p class='ocr_par' dir='ltr' id='par_1_2' title="bbox 131 430 1314 752">
     <span class='ocr_line' id='line_1_2' title="bbox 135 430 1314 512; baseline -0.003 -16"><span class='ocrx_word' id='word_1_4' title='bbox 135 435 199 496; x_wconf 79' lang='lat' dir='ltr'><strong>nso</strong></span> <span class='ocrx_word' id='word_1_5' title='bbox 220 453 253 496; x_wconf 87' lang='lat' dir='ltr'><strong>se</strong></span> <span class='ocrx_word' id='word_1_6' title='bbox 271 435 301 493; x_wconf 89' lang='lat' dir='ltr'><strong>in</strong></span> <span class='ocrx_word' id='word_1_7' title='bbox 322 431 491 492; x_wconf 82' lang='lat' dir='ltr'><strong>merilieium</strong></span> <span class='ocrx_word' id='word_1_8' title='bbox 511 432 640 492; x_wconf 85' lang='lat' dir='ltr'><strong>offerant.</strong></span> <span class='ocrx_word' id='word_1_9' title='bbox 669 433 790 492; x_wconf 78' lang='lat' dir='ltr'><strong>Fertne</strong></span> <span class='ocrx_word' id='word_1_10' title='bbox 801 435 859 491; x_wconf 84' lang='lat' dir='ltr'><strong>Det</strong></span> <span class='ocrx_word' id='word_1_11' title='bbox 877 450 913 491; x_wconf 90' lang='lat' dir='ltr'><strong>eo</strong></span> <span class='ocrx_word' id='word_1_12' title='bbox 933 448 992 511; x_wconf 90' lang='lat' dir='ltr'><strong>quo</strong></span> <span class='ocrx_word' id='word_1_13' title='bbox 1006 445 1098 512; x_wconf 84' lang='lat' dir='ltr'><strong>nuper</strong></span> <span class='ocrx_word' id='word_1_14' title='bbox 1116 430 1271 492; x_wconf 65' lang='lat' dir='ltr'><strong>salsense</strong></span> <span class='ocrx_word' id='word_1_15' title='bbox 1310 499 1314 507; x_wconf 56' lang='grc'><em>,</em></span> 
     </span>
     <span class='ocr_line' id='line_1_3' title="bbox 131 510 1270 598; baseline -0.004 -22"><span class='ocrx_word' id='word_1_16' title='bbox 131 516 254 598; x_wconf 77' lang='lat' dir='ltr'><strong>accipio,</strong></span> <span class='ocrx_word' id='word_1_17' title='bbox 278 519 312 573; x_wconf 85' lang='lat' dir='ltr'><strong>ut</strong></span> <span class='ocrx_word' id='word_1_18' title='bbox 331 513 436 588; x_wconf 80' lang='lat' dir='ltr'><strong>scilieet</strong></span> <span class='ocrx_word' id='word_1_19' title='bbox 456 519 521 571; x_wconf 85' lang='lat' dir='ltr'><strong>ante</strong></span> <span class='ocrx_word' id='word_1_20' title='bbox 540 511 645 572; x_wconf 86' lang='lat' dir='ltr'><strong>Arcam</strong></span> <span class='ocrx_word' id='word_1_21' title='bbox 669 510 790 574; x_wconf 77' lang='lat' dir='ltr'><strong>foederis</strong></span> <span class='ocrx_word' id='word_1_22' title='bbox 814 511 937 592; x_wconf 90' lang='lat' dir='ltr'><strong>populns</strong></span> <span class='ocrx_word' id='word_1_23' title='bbox 957 529 988 569; x_wconf 87' lang='lat' dir='ltr'><strong>se</strong></span> <span class='ocrx_word' id='word_1_24' title='bbox 1008 519 1182 590; x_wconf 84' lang='lat' dir='ltr'><strong>prosternat:</strong></span> <span class='ocrx_word' id='word_1_25' title='bbox 1198 514 1270 591; x_wconf 85' lang='lat' dir='ltr'><strong>qaia</strong></span> 
     </span>
     <span class='ocr_line' id='line_1_4' title="bbox 134 591 1270 672; baseline -0.007 -14"><span class='ocrx_word' id='word_1_26' title='bbox 134 615 230 658; x_wconf 67' lang='lat' dir='ltr'><strong>mimo</strong></span> <span class='ocrx_word' id='word_1_27' title='bbox 251 594 287 654; x_wconf 88' lang='lat' dir='ltr'><strong>‹ie</strong></span> <span class='ocrx_word' id='word_1_28' title='bbox 307 592 390 672; x_wconf 82' lang='lat' dir='ltr'><strong>legali</strong></span> <span class='ocrx_word' id='word_1_29' title='bbox 410 591 491 649; x_wconf 85' lang='lat' dir='ltr'><strong>auhn</strong></span> <span class='ocrx_word' id='word_1_30' title='bbox 509 591 635 651; x_wconf 85' lang='lat' dir='ltr'><strong>habetur.</strong></span> <span class='ocrx_word' id='word_1_31' title='bbox 664 591 787 672; x_wconf 78' lang='lat' dir='ltr'><strong>Semper</strong></span> <span class='ocrx_word' id='word_1_32' title='bbox 805 599 900 650; x_wconf 88' lang='lat' dir='ltr'><strong>tamen</strong></span> <span class='ocrx_word' id='word_1_33' title='bbox 919 591 1046 650; x_wconf 84' lang='lat' dir='ltr'><strong>adtleutla</strong></span> <span class='ocrx_word' id='word_1_34' title='bbox 1067 597 1110 650; x_wconf 86' lang='lat' dir='ltr'><strong>est</strong></span> <span class='ocrx_word' id='word_1_35' title='bbox 1129 593 1270 671; x_wconf 73' lang='lat' dir='ltr'>exceptio,</span> 
     </span>
     <span class='ocr_line' id='line_1_5' title="bbox 134 669 1163 752; baseline -0.006 -16"><span class='ocrx_word' id='word_1_36' title='bbox 134 683 169 737; x_wconf 88' lang='lat' dir='ltr'><strong>at</strong></span> <span class='ocrx_word' id='word_1_37' title='bbox 189 672 487 734; x_wconf 22' lang='lat' dir='ltr'><strong>sublatisrin‘ouelum</strong></span> <span class='ocrx_word' id='word_1_38' title='bbox 509 673 606 744; x_wconf 70' lang='lat' dir='ltr'><strong>oonlis&#39;,</strong></span> <span class='ocrx_word' id='word_1_39' title='bbox 626 673 809 752; x_wconf 65' lang='lat' dir='ltr'><strong>spiritualiter</strong></span> <span class='ocrx_word' id='word_1_40' title='bbox 828 669 923 732; x_wconf 89' lang='lat' dir='ltr'><strong>Deum</strong></span> <span class='ocrx_word' id='word_1_41' title='bbox 943 671 1039 730; x_wconf 89' lang='lat' dir='ltr'><strong>colant</strong></span> <span class='ocrx_word' id='word_1_42' title='bbox 1057 670 1163 730; x_wconf 81' lang='lat' dir='ltr'><strong>fideles.</strong></span> 
     </span>
    </p>

    <p class='ocr_par' dir='ltr' id='par_1_3' title="bbox 93 747 1274 1552">
     <span class='ocr_line' id='line_1_6' title="bbox 214 747 1270 834; baseline -0.005 -19"><span class='ocrx_word' id='word_1_43' title='bbox 214 751 245 815; x_wconf 80' lang='grc'><strong>7.</strong></span> <span class='ocrx_word' id='word_1_44' title='bbox 269 757 348 827; x_wconf 77' lang='lat' dir='ltr'><strong>Qnio</strong></span> <span class='ocrx_word' id='word_1_45' title='bbox 373 759 435 834; x_wconf 80' lang='lat' dir='ltr'><strong>ipae</strong></span> <span class='ocrx_word' id='word_1_46' title='bbox 458 747 541 811; x_wconf 82' lang='lat' dir='ltr'><strong>Deus</strong></span> <span class='ocrx_word' id='word_1_47' title='bbox 564 762 671 812; x_wconf 67' lang='lat' dir='ltr'><strong>nonen</strong></span> <span class='ocrx_word' id='word_1_48' title='bbox 710 747 852 828; x_wconf 79' lang='lat' dir='ltr'><strong>Quamvis</strong></span> <span class='ocrx_word' id='word_1_49' title='bbox 876 751 906 812; x_wconf 91' lang='lat' dir='ltr'><strong>iu</strong></span> <span class='ocrx_word' id='word_1_50' title='bbox 937 750 1013 810; x_wconf 89' lang='lat' dir='ltr'><strong>hunc</strong></span> <span class='ocrx_word' id='word_1_51' title='bbox 1036 750 1122 810; x_wconf 82' lang='lat' dir='ltr'><strong>linem</strong></span> <span class='ocrx_word' id='word_1_52' title='bbox 1143 756 1270 812; x_wconf 80' lang='lat' dir='ltr'><strong>creatum</strong></span> 
     </span>
     <span class='ocr_line' id='line_1_7' title="bbox 136 829 1271 910; baseline -0.004 -16"><span class='ocrx_word' id='word_1_53' title='bbox 136 835 176 895; x_wconf 88' lang='lat' dir='ltr'><strong>sit</strong></span> <span class='ocrx_word' id='word_1_54' title='bbox 197 840 293 893; x_wconf 88' lang='lat' dir='ltr'><strong>totum</strong></span> <span class='ocrx_word' id='word_1_55' title='bbox 314 831 468 890; x_wconf 86' lang='lat' dir='ltr'><strong>humanum</strong></span> <span class='ocrx_word' id='word_1_56' title='bbox 489 849 587 910; x_wconf 84' lang='lat' dir='ltr'><strong>genas,</strong></span> <span class='ocrx_word' id='word_1_57' title='bbox 612 830 737 890; x_wconf 84' lang='lat' dir='ltr'><strong>Ecclesia</strong></span> <span class='ocrx_word' id='word_1_58' title='bbox 761 838 857 890; x_wconf 81' lang='lat' dir='ltr'><strong>tamea</strong></span> <span class='ocrx_word' id='word_1_59' title='bbox 877 849 936 890; x_wconf 89' lang='lat' dir='ltr'><strong>non</strong></span> <span class='ocrx_word' id='word_1_60' title='bbox 956 830 1006 890; x_wconf 86' lang='lat' dir='ltr'><strong>abs</strong></span> <span class='ocrx_word' id='word_1_61' title='bbox 1021 837 1197 889; x_wconf 67' lang='lat' dir='ltr'><strong>rea-oratur</strong></span> <span class='ocrx_word' id='word_1_62' title='bbox 1217 829 1271 890; x_wconf 84' lang='lat' dir='ltr'><strong>Dei</strong></span> 
     </span>
     <span class='ocr_line' id='line_1_8' title="bbox 137 908 1270 994; baseline -0.004 -22"><span class='ocrx_word' id='word_1_63' title='bbox 137 915 278 994; x_wconf 87' lang='lat' dir='ltr'><strong>plantatio</strong></span> <span class='ocrx_word' id='word_1_64' title='bbox 297 911 328 976; x_wconf 90' lang='lat' dir='ltr'><strong>in</strong></span> <span class='ocrx_word' id='word_1_65' title='bbox 347 913 409 970; x_wconf 88' lang='lat' dir='ltr'><strong>eius</strong></span> <span class='ocrx_word' id='word_1_66' title='bbox 432 911 553 968; x_wconf 87' lang='lat' dir='ltr'><strong>laudem.</strong></span> <span class='ocrx_word' id='word_1_67' title='bbox 593 909 692 990; x_wconf 85' lang='lat' dir='ltr'><strong>ltaque</strong></span> <span class='ocrx_word' id='word_1_68' title='bbox 715 913 816 970; x_wconf 86' lang='lat' dir='ltr'><strong>merito</strong></span> <span class='ocrx_word' id='word_1_69' title='bbox 836 909 964 970; x_wconf 87' lang='lat' dir='ltr'><strong>ollioinm</strong></span> <span class='ocrx_word' id='word_1_70' title='bbox 983 909 1039 970; x_wconf 90' lang='lat' dir='ltr'><strong>hoc</strong></span> <span class='ocrx_word' id='word_1_71' title='bbox 1054 909 1217 988; x_wconf 66' lang='lat' dir='ltr'><strong>specialiter</strong></span> <span class='ocrx_word' id='word_1_72' title='bbox 1235 908 1270 968; x_wconf 90' lang='lat' dir='ltr'><strong>ab</strong></span> 
     </span>
     <span class='ocr_line' id='line_1_9' title="bbox 133 987 1271 1074; baseline -0.006 -21"><span class='ocrx_word' id='word_1_73' title='bbox 133 995 228 1054; x_wconf 85' lang='lat' dir='ltr'><strong>electo</strong></span> <span class='ocrx_word' id='word_1_74' title='bbox 253 1011 292 1071; x_wconf 94' lang='lat' dir='ltr'><strong>po</strong></span> <span class='ocrx_word' id='word_1_75' title='bbox 316 990 363 1050; x_wconf 93' lang='lat' dir='ltr'><strong>nlo</strong></span> <span class='ocrx_word' id='word_1_76' title='bbox 387 991 476 1068; x_wconf 79' lang='lat' dir='ltr'><strong>exigit</strong></span> <span class='ocrx_word' id='word_1_77' title='bbox 498 989 652 1070; x_wconf 88' lang='lat' dir='ltr'><strong>Propheta.</strong></span> <span class='ocrx_word' id='word_1_78' title='bbox 692 987 771 1052; x_wconf 84' lang='lat' dir='ltr'><strong>Haec</strong></span> <span class='ocrx_word' id='word_1_79' title='bbox 795 993 869 1074; x_wconf 85' lang='lat' dir='ltr'><strong>ratio</strong></span> <span class='ocrx_word' id='word_1_80' title='bbox 894 997 938 1050; x_wconf 89' lang='lat' dir='ltr'><strong>est</strong></span> <span class='ocrx_word' id='word_1_81' title='bbox 956 1009 1009 1048; x_wconf 90' lang='lat' dir='ltr'><strong>cnr</strong></span> <span class='ocrx_word' id='word_1_82' title='bbox 1028 988 1178 1050; x_wconf 75' lang='lat' dir='ltr'><strong>admoneat</strong></span> <span class='ocrx_word' id='word_1_83' title='bbox 1197 989 1271 1048; x_wconf 87' lang='lat' dir='ltr'><strong>tilios</strong></span> 
     </span>
     <span class='ocr_line' id='line_1_10' title="bbox 136 1013 1272 1168; baseline 0 -37"><span class='ocrx_word' id='word_1_84' title='bbox 136 1071 272 1150; x_wconf 84' lang='lat' dir='ltr'><strong>Abrahae</strong></span> <span class='ocrx_word' id='word_1_85' title='bbox 292 1013 328 1129; x_wconf 70' lang='lat' dir='ltr'><strong>he</strong></span> <span class='ocrx_word' id='word_1_86' title='bbox 352 1069 547 1130; x_wconf 82' lang='lat' dir='ltr'><strong>inaestimabili</strong></span> <span class='ocrx_word' id='word_1_87' title='bbox 572 1069 719 1152; x_wconf 85' lang='lat' dir='ltr'><strong>privilegio</strong></span> <span class='ocrx_word' id='word_1_88' title='bbox 745 1090 804 1152; x_wconf 90' lang='lat' dir='ltr'><strong>quo</strong></span> <span class='ocrx_word' id='word_1_89' title='bbox 822 1071 900 1168; x_wconf 90' lang='lat' dir='ltr'><strong>ipsos</strong></span> <span class='ocrx_word' id='word_1_90' title='bbox 920 1069 1050 1149; x_wconf 87' lang='lat' dir='ltr'><strong>dignatus</strong></span> <span class='ocrx_word' id='word_1_91' title='bbox 1070 1069 1162 1128; x_wconf 84' lang='lat' dir='ltr'><strong>luerat</strong></span> <span class='ocrx_word' id='word_1_92' title='bbox 1181 1089 1272 1149; x_wconf 85' lang='lat' dir='ltr'><strong>quum</strong></span> 
     </span>
     <span class='ocr_line' id='line_1_11' title="bbox 136 1149 1272 1230; baseline -0.005 -18"><span class='ocrx_word' id='word_1_93' title='bbox 136 1167 188 1212; x_wconf 87' lang='lat' dir='ltr'><strong>eos</strong></span> <span class='ocrx_word' id='word_1_94' title='bbox 209 1153 245 1209; x_wconf 82' lang='lat' dir='ltr'><strong>&#39;iu</strong></span> <span class='ocrx_word' id='word_1_95' title='bbox 266 1167 348 1210; x_wconf 89' lang='lat' dir='ltr'><strong>suam</strong></span> <span class='ocrx_word' id='word_1_96' title='bbox 372 1167 469 1211; x_wconf 86' lang='lat' dir='ltr'><strong>euram</strong></span> <span class='ocrx_word' id='word_1_97' title='bbox 492 1151 659 1230; x_wconf 83' lang='lat' dir='ltr'><strong>susciperet.</strong></span> <span class='ocrx_word' id='word_1_98' title='bbox 699 1149 772 1208; x_wconf 89' lang='lat' dir='ltr'><strong>Nam</strong></span> <span class='ocrx_word' id='word_1_99' title='bbox 791 1157 844 1210; x_wconf 80' lang='lat' dir='ltr'><strong>star</strong></span> <span class='ocrx_word' id='word_1_100' title='bbox 864 1149 1075 1230; x_wconf 81' lang='lat' dir='ltr'><strong>quodammodo</strong></span> <span class='ocrx_word' id='word_1_101' title='bbox 1096 1149 1152 1208; x_wconf 88' lang='lat' dir='ltr'><strong>hoc</strong></span> <span class='ocrx_word' id='word_1_102' title='bbox 1171 1150 1206 1207; x_wconf 89' lang='lat' dir='ltr'><strong>ad</strong></span> <span class='ocrx_word' id='word_1_103' title='bbox 1227 1155 1272 1206; x_wconf 90' lang='lat' dir='ltr'><strong>to-</strong></span> 
     </span>
     <span class='ocr_line' id='line_1_12' title="bbox 133 1227 1272 1311; baseline -0.006 -21"><span class='ocrx_word' id='word_1_104' title='bbox 133 1239 198 1290; x_wconf 85' lang='lat' dir='ltr'><strong>tum</strong></span> <span class='ocrx_word' id='word_1_105' title='bbox 219 1230 376 1290; x_wconf 85' lang='lat' dir='ltr'><strong>homanum</strong></span> <span class='ocrx_word' id='word_1_106' title='bbox 393 1233 484 1311; x_wconf 72' lang='lat' dir='ltr'><strong>genna</strong></span> <span class='ocrx_word' id='word_1_107' title='bbox 506 1231 738 1310; x_wconf 81' lang='lat' dir='ltr'><strong>possetextenrli,</strong></span> <span class='ocrx_word' id='word_1_108' title='bbox 757 1239 865 1290; x_wconf 74' lang='lat' dir='ltr'><strong>cotum</strong></span> <span class='ocrx_word' id='word_1_109' title='bbox 884 1236 981 1290; x_wconf 82' lang='lat' dir='ltr'><strong>tamen</strong></span> <span class='ocrx_word' id='word_1_110' title='bbox 999 1236 1053 1300; x_wconf 77' lang='lat' dir='ltr'><strong>est</strong></span> <span class='ocrx_word' id='word_1_111' title='bbox 1061 1227 1156 1288; x_wconf 87' lang='lat' dir='ltr'><strong>Deum</strong></span> <span class='ocrx_word' id='word_1_112' title='bbox 1177 1229 1272 1288; x_wconf 83' lang='lat' dir='ltr'><strong>vocari</strong></span> 
     </span>
     <span class='ocr_line' id='line_1_13' title="bbox 93 1289 1273 1391; baseline -0.006 -19"><span class='ocrx_word' id='word_1_113' title='bbox 93 1383 102 1391; x_wconf 92' lang='lat'><em>.</em></span> <span class='ocrx_word' id='word_1_114' title='bbox 136 1309 284 1375; x_wconf 71' lang='lat' dir='ltr'><strong>Ecclesiae</strong></span> <span class='ocrx_word' id='word_1_115' title='bbox 308 1303 377 1370; x_wconf 78' lang='lat' dir='ltr'><strong>stiae</strong></span> <span class='ocrx_word' id='word_1_116' title='bbox 400 1316 557 1389; x_wconf 84' lang='lat' dir='ltr'><strong>pastorem,</strong></span> <span class='ocrx_word' id='word_1_117' title='bbox 582 1329 640 1371; x_wconf 90' lang='lat' dir='ltr'><strong>non</strong></span> <span class='ocrx_word' id='word_1_118' title='bbox 665 1311 787 1390; x_wconf 88' lang='lat' dir='ltr'><strong>qualiter</strong></span> <span class='ocrx_word' id='word_1_119' title='bbox 808 1289 935 1390; x_wconf 79' lang='lat' dir='ltr'><strong>rciiqoos</strong></span> <span class='ocrx_word' id='word_1_120' title='bbox 958 1309 1092 1368; x_wconf 78' lang='lat' dir='ltr'><strong>mortales</strong></span> <span class='ocrx_word' id='word_1_121' title='bbox 1113 1309 1273 1387; x_wconf 84' lang='lat' dir='ltr'><strong>promiscue</strong></span> 
     </span>
     <span class='ocr_line' id='line_1_14' title="bbox 137 1386 1274 1469; baseline -0.004 -20"><span class='ocrx_word' id='word_1_122' title='bbox 137 1393 197 1466; x_wconf 87' lang='lat' dir='ltr'><strong>alit,</strong></span> <span class='ocrx_word' id='word_1_123' title='bbox 218 1389 340 1448; x_wconf 85' lang='lat' dir='ltr'><strong>sustinet</strong></span> <span class='ocrx_word' id='word_1_124' title='bbox 360 1407 393 1448; x_wconf 87' lang='lat' dir='ltr'><strong>ao</strong></span> <span class='ocrx_word' id='word_1_125' title='bbox 413 1389 564 1468; x_wconf 80' lang='lat' dir='ltr'><strong>gubernat:</strong></span> <span class='ocrx_word' id='word_1_126' title='bbox 588 1386 638 1448; x_wconf 89' lang='lat' dir='ltr'><strong>sed</strong></span> <span class='ocrx_word' id='word_1_127' title='bbox 659 1391 725 1469; x_wconf 90' lang='lat' dir='ltr'><strong>quia</strong></span> <span class='ocrx_word' id='word_1_128' title='bbox 750 1405 813 1449; x_wconf 86' lang='lat' dir='ltr'><strong>eam</strong></span> <span class='ocrx_word' id='word_1_129' title='bbox 833 1408 849 1447; x_wconf 88' lang='lat' dir='ltr'><strong>a</strong></span> <span class='ocrx_word' id='word_1_130' title='bbox 868 1395 931 1448; x_wconf 89' lang='lat' dir='ltr'><strong>tolo</strong></span> <span class='ocrx_word' id='word_1_131' title='bbox 951 1387 1059 1447; x_wconf 84' lang='lat' dir='ltr'><strong>montio</strong></span> <span class='ocrx_word' id='word_1_132' title='bbox 1084 1387 1220 1459; x_wconf 82' lang='lat' dir='ltr'><strong>dishnxit&#39;,</strong></span> <span class='ocrx_word' id='word_1_133' title='bbox 1240 1393 1274 1445; x_wconf 85' lang='lat' dir='ltr'><strong>nt</strong></span> 
     </span>
     <span class='ocr_line' id='line_1_15' title="bbox 137 1464 1273 1552; baseline -0.001 -24"><span class='ocrx_word' id='word_1_134' title='bbox 137 1478 260 1552; x_wconf 88' lang='lat' dir='ltr'><strong>paterno</strong></span> <span class='ocrx_word' id='word_1_135' title='bbox 282 1469 345 1527; x_wconf 88' lang='lat' dir='ltr'><strong>sinu</strong></span> <span class='ocrx_word' id='word_1_136' title='bbox 365 1467 474 1528; x_wconf 80' lang='lat' dir='ltr'><strong>foveat:</strong></span> <span class='ocrx_word' id='word_1_137' title='bbox 509 1465 637 1527; x_wconf 79' lang='lat' dir='ltr'><strong>Vocatur</strong></span> <span class='ocrx_word' id='word_1_138' title='bbox 656 1489 724 1550; x_wconf 90' lang='lat' dir='ltr'><strong>ergo</strong></span> <span class='ocrx_word' id='word_1_139' title='bbox 739 1471 870 1550; x_wconf 77' lang='lat' dir='ltr'><strong>popolus</strong></span> <span class='ocrx_word' id='word_1_140' title='bbox 883 1489 1067 1550; x_wconf 71' lang='lat' dir='ltr'><strong>possesorem</strong></span> <span class='ocrx_word' id='word_1_141' title='bbox 1087 1484 1172 1546; x_wconf 86' lang='lat' dir='ltr'><strong>quem</strong></span> <span class='ocrx_word' id='word_1_142' title='bbox 1192 1464 1273 1527; x_wconf 84' lang='lat' dir='ltr'><strong>Deus</strong></span> 
     </span>
    </p>

    <p class='ocr_par' dir='ltr' id='par_1_4' title="bbox 133 1547 1276 1950">
     <span class='ocr_line' id='line_1_16' title="bbox 176 1547 1272 1629; baseline -0.006 -20"><span class='ocrx_word' id='word_1_143' title='bbox 176 1550 275 1609; x_wconf 75' lang='lat' dir='ltr'><strong>oalhri</strong></span> <span class='ocrx_word' id='word_1_144' title='bbox 300 1566 368 1607; x_wconf 88' lang='lat' dir='ltr'><strong>cura</strong></span> <span class='ocrx_word' id='word_1_145' title='bbox 392 1555 422 1607; x_wconf 83' lang='lat' dir='ltr'><strong>st</strong></span> <span class='ocrx_word' id='word_1_146' title='bbox 444 1553 558 1620; x_wconf 75' lang='lat' dir='ltr'><strong>tuetur,</strong></span> <span class='ocrx_word' id='word_1_147' title='bbox 578 1555 610 1608; x_wconf 86' lang='lat' dir='ltr'><strong>et</strong></span> <span class='ocrx_word' id='word_1_148' title='bbox 632 1553 815 1629; x_wconf 75' lang='lat' dir='ltr'><strong>prosequlmr</strong></span> <span class='ocrx_word' id='word_1_149' title='bbox 837 1551 916 1610; x_wconf 86' lang='lat' dir='ltr'><strong>amni</strong></span> <span class='ocrx_word' id='word_1_150' title='bbox 941 1547 1142 1609; x_wconf 85' lang='lat' dir='ltr'><strong>beneficiorum</strong></span> <span class='ocrx_word' id='word_1_151' title='bbox 1161 1565 1272 1626; x_wconf 47' lang='lat' dir='ltr'><strong>&amp;aare</strong></span> 
     </span>
     <span class='ocr_line' id='line_1_17' title="bbox 136 1571 1273 1720; baseline -0.004 -30"><span class='ocrx_word' id='word_1_152' title='bbox 136 1571 258 1690; x_wconf 53' lang='lat' dir='ltr'><strong>Kolonai</strong></span> <span class='ocrx_word' id='word_1_153' title='bbox 283 1627 398 1708; x_wconf 87' lang='lat' dir='ltr'><strong>quidem</strong></span> <span class='ocrx_word' id='word_1_154' title='bbox 423 1627 580 1687; x_wconf 86' lang='lat' dir='ltr'><strong>distinctius</strong></span> <span class='ocrx_word' id='word_1_155' title='bbox 605 1629 698 1708; x_wconf 82' lang='lat' dir='ltr'><strong>loqui,</strong></span> <span class='ocrx_word' id='word_1_156' title='bbox 726 1628 857 1688; x_wconf 79' lang='lat' dir='ltr'><strong>vocando</strong></span> <span class='ocrx_word' id='word_1_157' title='bbox 880 1651 1004 1712; x_wconf 74' lang='lat' dir='ltr'><strong>gregem</strong></span> <span class='ocrx_word' id='word_1_158' title='bbox 1026 1649 1220 1720; x_wconf 52' lang='lat' dir='ltr'><strong>pascuorum</strong></span> <span class='ocrx_word' id='word_1_159' title='bbox 1246 1636 1273 1686; x_wconf 83' lang='lat' dir='ltr'><strong>et</strong></span> 
     </span>
     <span class='ocr_line' id='line_1_18' title="bbox 133 1705 1274 1868; baseline -0.004 -20"><span class='ocrx_word' id='word_1_160' title='bbox 133 1707 516 1868; x_wconf 61' lang='lat' dir='ltr'><strong>liliihill&#39;iiin&#39;ih</strong></span> <span class='ocrx_word' id='word_1_161' title='bbox 536 1705 1274 1868; x_wconf 56' lang='lat' dir='ltr'><strong>tlttttt‘tttlttnttttttzstttt</strong></span> 
     </span>
     <span class='ocr_line' id='line_1_19' title="bbox 138 1863 1276 1950; baseline -0.004 -22"><span class='ocrx_word' id='word_1_162' title='bbox 138 1868 281 1950; x_wconf 90' lang='lat' dir='ltr'><strong>populum</strong></span> <span class='ocrx_word' id='word_1_163' title='bbox 301 1867 336 1926; x_wconf 81' lang='lat' dir='ltr'><strong>tle</strong></span> <span class='ocrx_word' id='word_1_164' title='bbox 354 1865 550 1926; x_wconf 64' lang='lat' dir='ltr'><strong>innominabili</strong></span> <span class='ocrx_word' id='word_1_165' title='bbox 569 1867 731 1948; x_wconf 79' lang='lat' dir='ltr'><strong>adoptionis</strong></span> <span class='ocrx_word' id='word_1_166' title='bbox 755 1864 844 1948; x_wconf 84' lang='lat' dir='ltr'><strong>gratia</strong></span> <span class='ocrx_word' id='word_1_167' title='bbox 868 1875 1005 1944; x_wconf 88' lang='lat' dir='ltr'><strong>moneret,</strong></span> <span class='ocrx_word' id='word_1_168' title='bbox 1025 1869 1115 1926; x_wconf 79' lang='lat' dir='ltr'><strong>estus·</strong></span> <span class='ocrx_word' id='word_1_169' title='bbox 1127 1863 1191 1924; x_wconf 89' lang='lat' dir='ltr'><strong>linis</strong></span> <span class='ocrx_word' id='word_1_170' title='bbox 1213 1869 1276 1924; x_wconf 72' lang='lat' dir='ltr'><strong>mat</strong></span> 
     </span>
    </p>
   </div>
   <div class='ocr_carea' id='block_1_3' title="bbox 101 1899 1435 2028">
    <p class='ocr_par' dir='ltr' id='par_1_5' title="bbox 101 1899 1435 2028">
     <span class='ocr_line' id='line_1_20' title="bbox 101 1899 1435 2028; baseline -0.001 -22"><span class='ocrx_word' id='word_1_171' title='bbox 101 1975 114 1986; x_wconf 50' lang='grc' dir='ltr'><em>ν</em></span> <span class='ocrx_word' id='word_1_172' title='bbox 140 1957 174 2006; x_wconf 90' lang='lat' dir='ltr'><strong>ut</strong></span> <span class='ocrx_word' id='word_1_173' title='bbox 190 1947 249 2006; x_wconf 82' lang='lat' dir='ltr'><strong>&#39;snb</strong></span> <span class='ocrx_word' id='word_1_174' title='bbox 270 1945 325 2006; x_wconf 80' lang='lat' dir='ltr'><strong>Dei</strong></span> <span class='ocrx_word' id='word_1_175' title='bbox 346 1946 402 2006; x_wconf 88' lang='lat' dir='ltr'><strong>lide</strong></span> <span class='ocrx_word' id='word_1_176' title='bbox 421 1963 454 2006; x_wconf 83' lang='lat' dir='ltr'><strong>ac</strong></span> <span class='ocrx_word' id='word_1_177' title='bbox 473 1946 563 2006; x_wconf 89' lang='lat' dir='ltr'><strong>tutela</strong></span> <span class='ocrx_word' id='word_1_178' title='bbox 583 1947 706 2028; x_wconf 68' lang='lat' dir='ltr'><strong>degeret,</strong></span> <span class='ocrx_word' id='word_1_179' title='bbox 723 1940 864 2028; x_wconf 78' lang='lat' dir='ltr'><strong>bonisque</strong></span> <span class='ocrx_word' id='word_1_180' title='bbox 883 1947 1175 2008; x_wconf 83' lang='lat' dir='ltr'><strong>omnibhslineretur.</strong></span> <span class='ocrx_word' id='word_1_181' title='bbox 1194 1949 1276 2006; x_wconf 72' lang='lat' dir='ltr'><strong>Grex</strong></span> <span class='ocrx_word' id='word_1_182' title='bbox 1354 1981 1358 1994; x_wconf 61' lang='grc' dir='ltr'>ι</span> <span class='ocrx_word' id='word_1_183' title='bbox 1433 1899 1435 1916; x_wconf 38' lang='lat'><strong>⁴</strong></span> 
     </span>
    </p>
   </div>
   <div class='ocr_carea' id='block_1_4' title="bbox 118 2021 1362 3222">
    <p class='ocr_par' dir='ltr' id='par_1_6' title="bbox 118 2021 1362 3222">
     <span class='ocr_line' id='line_1_21' title="bbox 139 2021 1276 2106; baseline -0.005 -18"><span class='ocrx_word' id='word_1_184' title='bbox 139 2049 248 2088; x_wconf 75' lang='lat' dir='ltr'><strong>mamre</strong></span> <span class='ocrx_word' id='word_1_185' title='bbox 272 2033 392 2086; x_wconf 84' lang='lat' dir='ltr'><strong>vocator</strong></span> <span class='ocrx_word' id='word_1_186' title='bbox 416 2045 474 2086; x_wconf 91' lang='lat' dir='ltr'><strong>non</strong></span> <span class='ocrx_word' id='word_1_187' title='bbox 497 2032 556 2084; x_wconf 88' lang='lat' dir='ltr'><strong>tam</strong></span> <span class='ocrx_word' id='word_1_188' title='bbox 582 2027 659 2106; x_wconf 89' lang='lat' dir='ltr'><strong>quod</strong></span> <span class='ocrx_word' id='word_1_189' title='bbox 685 2045 700 2085; x_wconf 92' lang='lat' dir='ltr'><strong>a</strong></span> <span class='ocrx_word' id='word_1_190' title='bbox 722 2025 786 2087; x_wconf 82' lang='lat' dir='ltr'><strong>Deo</strong></span> <span class='ocrx_word' id='word_1_191' title='bbox 811 2029 949 2086; x_wconf 75' lang='lat' dir='ltr'><strong>leonatus</strong></span> <span class='ocrx_word' id='word_1_192' title='bbox 969 2029 1015 2101; x_wconf 65' lang='lat' dir='ltr'><strong>sit,</strong></span> <span class='ocrx_word' id='word_1_193' title='bbox 1035 2021 1120 2106; x_wconf 77' lang='lat' dir='ltr'><strong>quain</strong></span> <span class='ocrx_word' id='word_1_194' title='bbox 1140 2041 1175 2086; x_wconf 77' lang='lat' dir='ltr'><strong>eu</strong></span> <span class='ocrx_word' id='word_1_195' title='bbox 1197 2023 1276 2104; x_wconf 85' lang='lat' dir='ltr'><strong>quoal</strong></span> 
     </span>
     <span class='ocr_line' id='line_1_22' title="bbox 139 2105 1276 2188; baseline -0.006 -20"><span class='ocrx_word' id='word_1_196' title='bbox 139 2111 249 2186; x_wconf 84' lang='lat' dir='ltr'><strong>regitur</strong></span> <span class='ocrx_word' id='word_1_197' title='bbox 278 2107 337 2164; x_wconf 89' lang='lat' dir='ltr'><strong>eius</strong></span> <span class='ocrx_word' id='word_1_198' title='bbox 367 2123 463 2164; x_wconf 85' lang='lat' dir='ltr'><strong>manu.</strong></span> <span class='ocrx_word' id='word_1_199' title='bbox 503 2105 613 2166; x_wconf 87' lang='lat' dir='ltr'><strong>Gallice</strong></span> <span class='ocrx_word' id='word_1_200' title='bbox 641 2107 766 2166; x_wconf 83' lang='lat' dir='ltr'><strong>dicimos·</strong></span> <span class='ocrx_word' id='word_1_201' title='bbox 786 2107 811 2166; x_wconf 85' lang='lat' dir='ltr'><strong>le</strong></span> <span class='ocrx_word' id='word_1_202' title='bbox 836 2117 982 2188; x_wconf 66' lang='lat' dir='ltr'><strong>nortperto</strong></span> <span class='ocrx_word' id='word_1_203' title='bbox 1010 2109 1045 2166; x_wconf 76' lang='lat' dir='ltr'><strong>rie</strong></span> <span class='ocrx_word' id='word_1_204' title='bbox 1071 2124 1107 2166; x_wconf 84' lang='lat' dir='ltr'><strong>so</strong></span> <span class='ocrx_word' id='word_1_205' title='bbox 1130 2107 1276 2166; x_wconf 76' lang='lat' dir='ltr'><strong>condetis.</strong></span> 
     </span>
     <span class='ocr_line' id='line_1_23' title="bbox 142 2183 1334 2266; baseline -0.003 -21"><span class='ocrx_word' id='word_1_206' title='bbox 142 2185 317 2265; x_wconf 79' lang='lat' dir='ltr'><strong>Quanquam</strong></span> <span class='ocrx_word' id='word_1_207' title='bbox 344 2194 436 2244; x_wconf 86' lang='lat' dir='ltr'><strong>autom</strong></span> <span class='ocrx_word' id='word_1_208' title='bbox 461 2186 606 2244; x_wconf 86' lang='lat' dir='ltr'><strong>antithesis</strong></span> <span class='ocrx_word' id='word_1_209' title='bbox 631 2205 717 2266; x_wconf 90' lang='lat' dir='ltr'><strong>quam</strong></span> <span class='ocrx_word' id='word_1_210' title='bbox 742 2186 871 2246; x_wconf 79' lang='lat' dir='ltr'><strong>nonnulli</strong></span> <span class='ocrx_word' id='word_1_211' title='bbox 901 2186 1061 2255; x_wconf 80' lang='lat' dir='ltr'><strong>observant,</strong></span> <span class='ocrx_word' id='word_1_212' title='bbox 1091 2185 1177 2264; x_wconf 90' lang='lat' dir='ltr'><strong>paulo</strong></span> <span class='ocrx_word' id='word_1_213' title='bbox 1201 2183 1276 2242; x_wconf 86' lang='lat' dir='ltr'><strong>loric</strong></span> <span class='ocrx_word' id='word_1_214' title='bbox 1315 2189 1334 2210; x_wconf 71' lang='lat'><strong>&#39;⁸</strong></span> 
     </span>
     <span class='ocr_line' id='line_1_24' title="bbox 137 2263 1276 2346; baseline -0.003 -22"><span class='ocrx_word' id='word_1_215' title='bbox 137 2268 269 2345; x_wconf 81' lang='lat' dir='ltr'><strong>‘argutior</strong></span> <span class='ocrx_word' id='word_1_216' title='bbox 292 2271 336 2324; x_wconf 86' lang='lat' dir='ltr'><strong>est</strong></span> <span class='ocrx_word' id='word_1_217' title='bbox 360 2273 446 2346; x_wconf 78' lang='lat' dir='ltr'><strong>quoru</strong></span> <span class='ocrx_word' id='word_1_218' title='bbox 471 2265 542 2334; x_wconf 81' lang='lat' dir='ltr'><strong>ierat</strong></span> <span class='ocrx_word' id='word_1_219' title='bbox 565 2270 704 2344; x_wconf 81' lang='lat' dir='ltr'><strong>genuinus</strong></span> <span class='ocrx_word' id='word_1_220' title='bbox 729 2263 888 2346; x_wconf 75' lang='lat' dir='ltr'><strong>Prophetae</strong></span> <span class='ocrx_word' id='word_1_221' title='bbox 912 2281 1025 2339; x_wconf 85' lang='lat' dir='ltr'><strong>sensns,</strong></span> <span class='ocrx_word' id='word_1_222' title='bbox 1051 2263 1146 2323; x_wconf 83' lang='lat' dir='ltr'><strong>Deum</strong></span> <span class='ocrx_word' id='word_1_223' title='bbox 1171 2263 1276 2332; x_wconf 80' lang='lat' dir='ltr'><strong>scilicet</strong></span> 
     </span>
     <span class='ocr_line' id='line_1_25' title="bbox 140 2341 1275 2482; baseline -0.002 -80"><span class='ocrx_word' id='word_1_224' title='bbox 140 2345 283 2482; x_wconf 73' lang='lat' dir='ltr'><strong>pascendo</strong></span> <span class='ocrx_word' id='word_1_225' title='bbox 308 2345 581 2424; x_wconf 81' lang='lat' dir='ltr'><strong>populo&#39;iutenlum</strong></span> <span class='ocrx_word' id='word_1_226' title='bbox 606 2363 676 2418; x_wconf 81' lang='lat' dir='ltr'><strong>esse,</strong></span> <span class='ocrx_word' id='word_1_227' title='bbox 701 2363 754 2403; x_wconf 87' lang='lat' dir='ltr'><strong>neo</strong></span> <span class='ocrx_word' id='word_1_228' title='bbox 773 2347 814 2402; x_wconf 89' lang='lat' dir='ltr'><strong>nti</strong></span> <span class='ocrx_word' id='word_1_229' title='bbox 834 2344 1012 2403; x_wconf 77' lang='lat' dir='ltr'><strong>conductitiis</strong></span> <span class='ocrx_word' id='word_1_230' title='bbox 1031 2341 1204 2424; x_wconf 86' lang='lat' dir='ltr'><strong>pastoribus:</strong></span> <span class='ocrx_word' id='word_1_231' title='bbox 1225 2343 1275 2400; x_wconf 87' lang='lat' dir='ltr'><strong>‹lu-</strong></span> 
     </span>
     <span class='ocr_line' id='line_1_26' title="bbox 163 2421 1276 2507; baseline -0.003 -25"><span class='ocrx_word' id='word_1_232' title='bbox 163 2425 221 2482; x_wconf 90' lang='lat' dir='ltr'><strong>ium</strong></span> <span class='ocrx_word' id='word_1_233' title='bbox 241 2427 414 2483; x_wconf 86' lang='lat' dir='ltr'><strong>tamennon</strong></span> <span class='ocrx_word' id='word_1_234' title='bbox 435 2431 480 2484; x_wconf 89' lang='lat' dir='ltr'><strong>est</strong></span> <span class='ocrx_word' id='word_1_235' title='bbox 498 2426 568 2504; x_wconf 89' lang='lat' dir='ltr'><strong>quin</strong></span> <span class='ocrx_word' id='word_1_236' title='bbox 588 2425 747 2504; x_wconf 79' lang='lat' dir='ltr'><strong>exprimere</strong></span> <span class='ocrx_word' id='word_1_237' title='bbox 772 2425 893 2482; x_wconf 88' lang='lat' dir='ltr'><strong>voluerit</strong></span> <span class='ocrx_word' id='word_1_238' title='bbox 912 2421 1056 2502; x_wconf 85' lang='lat' dir='ltr'><strong>Propheta</strong></span> <span class='ocrx_word' id='word_1_239' title='bbox 1080 2423 1276 2507; x_wconf 85' lang='lat' dir='ltr'><strong>propinquum</strong></span> 
     </span>
     <span class='ocr_line' id='line_1_27' title="bbox 142 2503 1278 2586; baseline -0.001 -25"><span class='ocrx_word' id='word_1_240' title='bbox 142 2503 223 2562; x_wconf 90' lang='lat' dir='ltr'><strong>illum</strong></span> <span class='ocrx_word' id='word_1_241' title='bbox 244 2511 273 2562; x_wconf 89' lang='lat' dir='ltr'><strong>et</strong></span> <span class='ocrx_word' id='word_1_242' title='bbox 289 2503 457 2566; x_wconf 80' lang='lat' dir='ltr'><strong>tomitiai&#39;em</strong></span> <span class='ocrx_word' id='word_1_243' title='bbox 478 2503 689 2586; x_wconf 79' lang='lat' dir='ltr'><strong>gubernationis</strong></span> <span class='ocrx_word' id='word_1_244' title='bbox 708 2503 826 2563; x_wconf 82' lang='lat' dir='ltr'><strong>modam</strong></span> <span class='ocrx_word' id='word_1_245' title='bbox 852 2503 902 2583; x_wconf 87' lang='lat' dir='ltr'><strong>qni</strong></span> <span class='ocrx_word' id='word_1_246' title='bbox 921 2508 992 2562; x_wconf 90' lang='lat' dir='ltr'><strong>tunc</strong></span> <span class='ocrx_word' id='word_1_247' title='bbox 1010 2503 1038 2560; x_wconf 90' lang='lat' dir='ltr'><strong>in</strong></span> <span class='ocrx_word' id='word_1_248' title='bbox 1059 2521 1117 2561; x_wconf 88' lang='lat' dir='ltr'><strong>une</strong></span> <span class='ocrx_word' id='word_1_249' title='bbox 1138 2503 1278 2560; x_wconf 77' lang='lat' dir='ltr'><strong>dnnmxat</strong></span> 
     </span>
     <span class='ocr_line' id='line_1_28' title="bbox 140 2579 1278 2664; baseline 0 -24"><span class='ocrx_word' id='word_1_250' title='bbox 140 2581 250 2664; x_wconf 83' lang='lat' dir='ltr'><strong>populo</strong></span> <span class='ocrx_word' id='word_1_251' title='bbox 269 2582 395 2656; x_wconf 70' lang='grc' dir='ltr'><strong>ιιεῑιιΙιῖι,ι</strong></span> <span class='ocrx_word' id='word_1_252' title='bbox 419 2600 477 2642; x_wconf 90' lang='lat' dir='ltr'><strong>non</strong></span> <span class='ocrx_word' id='word_1_253' title='bbox 496 2582 575 2664; x_wconf 92' lang='lat' dir='ltr'><strong>quod</strong></span> <span class='ocrx_word' id='word_1_254' title='bbox 598 2583 747 2642; x_wconf 87' lang='lat' dir='ltr'><strong>hominum</strong></span> <span class='ocrx_word' id='word_1_255' title='bbox 773 2601 874 2663; x_wconf 86' lang='lat' dir='ltr'><strong>operas</strong></span> <span class='ocrx_word' id='word_1_256' title='bbox 894 2581 974 2642; x_wconf 77' lang='lat' dir='ltr'><strong>licus</strong></span> <span class='ocrx_word' id='word_1_257' title='bbox 994 2581 1134 2655; x_wconf 78' lang='lat' dir='ltr'><strong>obiiceret,</strong></span> <span class='ocrx_word' id='word_1_258' title='bbox 1155 2583 1210 2661; x_wconf 93' lang='lat' dir='ltr'><strong>qui·</strong></span> <span class='ocrx_word' id='word_1_259' title='bbox 1224 2579 1278 2640; x_wconf 74' lang='lat' dir='ltr'><strong>sa·</strong></span> 
     </span>
     <span class='ocr_line' id='line_1_29' title="bbox 142 2661 1362 2742; baseline -0.002 -21"><span class='ocrx_word' id='word_1_260' title='bbox 142 2663 314 2735; x_wconf 73' lang='lat' dir='ltr'><strong>sandalibus,</strong></span> <span class='ocrx_word' id='word_1_261' title='bbox 335 2662 495 2742; x_wconf 84' lang='lat' dir='ltr'><strong>Prophetis,</strong></span> <span class='ocrx_word' id='word_1_262' title='bbox 513 2663 663 2736; x_wconf 82' lang='lat' dir='ltr'><strong>iudicibus,</strong></span> <span class='ocrx_word' id='word_1_263' title='bbox 685 2663 784 2722; x_wconf 83' lang='lat' dir='ltr'><strong>deinde</strong></span> <span class='ocrx_word' id='word_1_264' title='bbox 803 2666 888 2722; x_wconf 86' lang='lat' dir='ltr'><strong>ctiam</strong></span> <span class='ocrx_word' id='word_1_265' title='bbox 907 2661 1032 2742; x_wconf 78' lang='lat' dir='ltr'><strong>Regibus</strong></span> <span class='ocrx_word' id='word_1_266' title='bbox 1050 2661 1214 2742; x_wconf 83' lang='lat' dir='ltr'><strong>popnli&#39;sui</strong></span> <span class='ocrx_word' id='word_1_267' title='bbox 1234 2679 1276 2725; x_wconf 82' lang='lat' dir='ltr'><strong>ne·</strong></span> <span class='ocrx_word' id='word_1_268' title='bbox 1359 2683 1362 2696; x_wconf 89' lang='lat'><em>·</em></span> 
     </span>
     <span class='ocr_line' id='line_1_30' title="bbox 142 2739 1277 2903; baseline 0 -23"><span class='ocrx_word' id='word_1_269' title='bbox 142 2739 584 2901; x_wconf 59' lang='lat' dir='ltr'><strong>ttttttthttst‘lutlt</strong></span> <span class='ocrx_word' id='word_1_270' title='bbox 604 2743 874 2903; x_wconf 59' lang='lat' dir='ltr'><strong>{littltttll</strong></span> <span class='ocrx_word' id='word_1_271' title='bbox 893 2741 1277 2882; x_wconf 55' lang='lat' dir='ltr'><strong>tlttfflhtttltffi</strong></span> 
     </span>
     <span class='ocr_line' id='line_1_31' title="bbox 142 2863 1277 2982; baseline -0.001 -21"><span class='ocrx_word' id='word_1_272' title='bbox 142 2901 215 2961; x_wconf 70' lang='lat' dir='ltr'><strong>itas.</strong></span> <span class='ocrx_word' id='word_1_273' title='bbox 246 2900 408 2962; x_wconf 77' lang='lat' dir='ltr'><strong>Secundum</strong></span> <span class='ocrx_word' id='word_1_274' title='bbox 424 2863 584 2962; x_wconf 50' lang='lat' dir='ltr'><strong>Hebraeos,</strong></span> <span class='ocrx_word' id='word_1_275' title='bbox 595 2903 719 2974; x_wconf 80' lang='lat' dir='ltr'><strong>conditio</strong></span> <span class='ocrx_word' id='word_1_276' title='bbox 738 2902 809 2962; x_wconf 88' lang='lat' dir='ltr'><strong>haee</strong></span> <span class='ocrx_word' id='word_1_277' title='bbox 830 2905 984 2982; x_wconf 79' lang='lat' dir='ltr'><strong>opponitur</strong></span> <span class='ocrx_word' id='word_1_278' title='bbox 999 2903 1033 2961; x_wconf 89' lang='lat' dir='ltr'><strong>ad</strong></span> <span class='ocrx_word' id='word_1_279' title='bbox 1046 2903 1205 2981; x_wconf 77' lang='lat' dir='ltr'><strong>proximam</strong></span> <span class='ocrx_word' id='word_1_280' title='bbox 1214 2919 1277 2961; x_wconf 86' lang='lat' dir='ltr'><strong>sen·</strong></span> 
     </span>
     <span class='ocr_line' id='line_1_32' title="bbox 137 2979 1278 3062; baseline -0.001 -22"><span class='ocrx_word' id='word_1_281' title='bbox 137 2983 275 3040; x_wconf 78' lang='lat' dir='ltr'><strong>lentiam:</strong></span> <span class='ocrx_word' id='word_1_282' title='bbox 296 2981 353 3045; x_wconf 74' lang='lat' dir='ltr'><strong>acti</strong></span> <span class='ocrx_word' id='word_1_283' title='bbox 374 2981 551 3043; x_wconf 59' lang='lat' dir='ltr'><strong>dormieret</strong></span> <span class='ocrx_word' id='word_1_284' title='bbox 570 2979 715 3060; x_wconf 79' lang='lat' dir='ltr'><strong>Propheta</strong></span> <span class='ocrx_word' id='word_1_285' title='bbox 741 2989 798 3042; x_wconf 81' lang='lat' dir='ltr'><strong>nun</strong></span> <span class='ocrx_word' id='word_1_286' title='bbox 817 2983 902 3042; x_wconf 81' lang='lat' dir='ltr'><strong>alitet‘</strong></span> <span class='ocrx_word' id='word_1_287' title='bbox 921 2998 1085 3042; x_wconf 82' lang='lat' dir='ltr'><strong>mansurum</strong></span> <span class='ocrx_word' id='word_1_288' title='bbox 1104 2998 1168 3042; x_wconf 84' lang='lat' dir='ltr'><strong>esse</strong></span> <span class='ocrx_word' id='word_1_289' title='bbox 1184 2996 1278 3062; x_wconf 84' lang='lat' dir='ltr'><strong>papn-</strong></span> 
     </span>
     <span class='ocr_line' id='line_1_33' title="bbox 145 3060 1279 3144; baseline -0.001 -24"><span class='ocrx_word' id='word_1_290' title='bbox 145 3060 205 3120; x_wconf 90' lang='lat' dir='ltr'><strong>lum</strong></span> <span class='ocrx_word' id='word_1_291' title='bbox 227 3062 256 3117; x_wconf 91' lang='lat' dir='ltr'><strong>in</strong></span> <span class='ocrx_word' id='word_1_292' title='bbox 276 3063 453 3140; x_wconf 74' lang='lat' dir='ltr'><strong>possessione</strong></span> <span class='ocrx_word' id='word_1_293' title='bbox 473 3076 541 3120; x_wconf 89' lang='lat' dir='ltr'><strong>suae</strong></span> <span class='ocrx_word' id='word_1_294' title='bbox 560 3061 702 3142; x_wconf 75' lang='lat' dir='ltr'><strong>‹lignitatis</strong></span> <span class='ocrx_word' id='word_1_295' title='bbox 722 3069 756 3121; x_wconf 87' lang='lat' dir='ltr'><strong>ao</strong></span> <span class='ocrx_word' id='word_1_296' title='bbox 765 3064 915 3144; x_wconf 83' lang='lat' dir='ltr'><strong>privilegii,</strong></span> <span class='ocrx_word' id='word_1_297' title='bbox 934 3064 987 3122; x_wconf 91' lang='lat' dir='ltr'><strong>nisi</strong></span> <span class='ocrx_word' id='word_1_298' title='bbox 1007 3063 1034 3120; x_wconf 88' lang='lat' dir='ltr'><strong>in</strong></span> <span class='ocrx_word' id='word_1_299' title='bbox 1046 3061 1102 3121; x_wconf 86' lang='lat' dir='ltr'><strong>Dei</strong></span> <span class='ocrx_word' id='word_1_300' title='bbox 1112 3061 1279 3120; x_wconf 70' lang='lat' dir='ltr'><strong>strennuo</strong></span> 
     </span>
     <span class='ocr_line' id='line_1_34' title="bbox 118 3139 1278 3222; baseline 0.002 -24"><span class='ocrx_word' id='word_1_301' title='bbox 118 3141 292 3222; x_wconf 66' lang='lat' dir='ltr'><strong>*perstaret</strong></span> <span class='ocrx_word' id='word_1_302' title='bbox 319 3139 444 3202; x_wconf 79' lang='lat' dir='ltr'><strong>Graecus</strong></span> <span class='ocrx_word' id='word_1_303' title='bbox 462 3142 603 3220; x_wconf 79' lang='lat' dir='ltr'><strong>inlbrpres</strong></span> <span class='ocrx_word' id='word_1_304' title='bbox 624 3159 689 3200; x_wconf 87' lang='lat' dir='ltr'><strong>cnm</strong></span> <span class='ocrx_word' id='word_1_305' title='bbox 701 3145 838 3222; x_wconf 79' lang='lat' dir='ltr'><strong>sequenti</strong></span> <span class='ocrx_word' id='word_1_306' title='bbox 858 3161 945 3201; x_wconf 82' lang='lat' dir='ltr'><strong>versu</strong></span> <span class='ocrx_word' id='word_1_307' title='bbox 964 3144 1099 3214; x_wconf 75' lang='lat' dir='ltr'><strong>contexit,</strong></span> <span class='ocrx_word' id='word_1_308' title='bbox 1123 3143 1173 3201; x_wconf 82' lang='lat' dir='ltr'><strong>Ne</strong></span> <span class='ocrx_word' id='word_1_309' title='bbox 1191 3141 1278 3201; x_wconf 78' lang='lat' dir='ltr'><strong>obdu·</strong></span> 
     </span>
    </p>
   </div>
   <div class='ocr_carea' id='block_1_5' title="bbox 11 3213 1280 3302">
    <p class='ocr_par' dir='ltr' id='par_1_7' title="bbox 11 3213 1280 3302">
     <span class='ocr_line' id='line_1_35' title="bbox 11 3213 1280 3302; baseline 0.002 -24"><span class='ocrx_word' id='word_1_310' title='bbox 11 3229 19 3236; x_wconf 84' lang='grc'><em>·</em></span> <span class='ocrx_word' id='word_1_311' title='bbox 136 3220 217 3279; x_wconf 70' lang='lat' dir='ltr'><strong>‘rete</strong></span> <span class='ocrx_word' id='word_1_312' title='bbox 236 3221 328 3278; x_wconf 76' lang='lat' dir='ltr'><strong>cordo</strong></span> <span class='ocrx_word' id='word_1_313' title='bbox 347 3221 459 3282; x_wconf 79' lang='lat' dir='ltr'><strong>oestro:</strong></span> <span class='ocrx_word' id='word_1_314' title='bbox 478 3239 551 3301; x_wconf 85' lang='lat' dir='ltr'><strong>quae</strong></span> <span class='ocrx_word' id='word_1_315' title='bbox 571 3225 708 3281; x_wconf 82' lang='lat' dir='ltr'><strong>sententia</strong></span> <span class='ocrx_word' id='word_1_316' title='bbox 729 3227 834 3302; x_wconf 85' lang='lat' dir='ltr'><strong>optime</strong></span> <span class='ocrx_word' id='word_1_317' title='bbox 853 3221 995 3281; x_wconf 87' lang='lat' dir='ltr'><strong>cohaeret.</strong></span> <span class='ocrx_word' id='word_1_318' title='bbox 1017 3213 1054 3280; x_wconf 67' lang='lat' dir='ltr'><strong>&#39;Si</strong></span> <span class='ocrx_word' id='word_1_319' title='bbox 1074 3229 1168 3288; x_wconf 78' lang='lat' dir='ltr'><strong>lanian</strong></span> <span class='ocrx_word' id='word_1_320' title='bbox 1188 3221 1280 3300; x_wconf 85' lang='lat' dir='ltr'><strong>placet</strong></span> 
     </span>
    </p>
   </div>
   <div class='ocr_carea' id='block_1_6' title="bbox 146 3295 1280 3696">
    <p class='ocr_par' dir='ltr' id='par_1_8' title="bbox 146 3295 1280 3696">
     <span class='ocr_line' id='line_1_36' title="bbox 146 3295 1280 3382; baseline 0.002 -26"><span class='ocrx_word' id='word_1_321' title='bbox 146 3299 294 3366; x_wconf 83' lang='lat' dir='ltr'><strong>distinctio¹</strong></span> <span class='ocrx_word' id='word_1_322' title='bbox 354 3317 399 3358; x_wconf 88' lang='lat' dir='ltr'><strong>am</strong></span> <span class='ocrx_word' id='word_1_323' title='bbox 422 3307 536 3382; x_wconf 86' lang='lat' dir='ltr'><strong>ponunt</strong></span> <span class='ocrx_word' id='word_1_324' title='bbox 559 3299 695 3371; x_wconf 80' lang='lat' dir='ltr'><strong>liebraei,</strong></span> <span class='ocrx_word' id='word_1_325' title='bbox 726 3302 818 3360; x_wconf 80' lang='lat' dir='ltr'><strong>voluit</strong></span> <span class='ocrx_word' id='word_1_326' title='bbox 842 3302 1001 3378; x_wconf 78' lang='lat' dir='ltr'><strong>exprimere</strong></span> <span class='ocrx_word' id='word_1_327' title='bbox 1024 3295 1184 3380; x_wconf 70' lang='lat' dir='ltr'><strong>Propheta,</strong></span> <span class='ocrx_word' id='word_1_328' title='bbox 1205 3301 1280 3360; x_wconf 88' lang='lat' dir='ltr'><strong>lilios</strong></span> 
     </span>
     <span class='ocr_line' id='line_1_37' title="bbox 146 3320 1280 3464; baseline 0 -26"><span class='ocrx_word' id='word_1_329' title='bbox 146 3375 279 3438; x_wconf 87' lang='lat' dir='ltr'><strong>Abrahae</strong></span> <span class='ocrx_word' id='word_1_330' title='bbox 298 3320 363 3438; x_wconf 56' lang='lat' dir='ltr'><strong>ippu</strong></span> <span class='ocrx_word' id='word_1_331' title='bbox 383 3395 445 3439; x_wconf 84' lang='lat' dir='ltr'><strong>esse</strong></span> <span class='ocrx_word' id='word_1_332' title='bbox 466 3383 579 3464; x_wconf 79' lang='lat' dir='ltr'><strong>gregem</strong></span> <span class='ocrx_word' id='word_1_333' title='bbox 599 3377 776 3454; x_wconf 85' lang='lat' dir='ltr'><strong>nrannsDei‚</strong></span> <span class='ocrx_word' id='word_1_334' title='bbox 796 3382 862 3460; x_wconf 91' lang='lat' dir='ltr'><strong>qnia</strong></span> <span class='ocrx_word' id='word_1_335' title='bbox 873 3380 953 3439; x_wconf 86' lang='lat' dir='ltr'><strong>Deus</strong></span> <span class='ocrx_word' id='word_1_336' title='bbox 963 3379 1068 3460; x_wconf 80' lang='lat' dir='ltr'><strong>Legem</strong></span> <span class='ocrx_word' id='word_1_337' title='bbox 1088 3398 1178 3452; x_wconf 79' lang='lat' dir='ltr'><strong>suam,</strong></span> <span class='ocrx_word' id='word_1_338' title='bbox 1199 3381 1280 3460; x_wconf 90' lang='lat' dir='ltr'><strong>quasi</strong></span> 
     </span>
     <span class='ocr_line' id='line_1_38' title="bbox 148 3459 1280 3541; baseline 0.005 -27"><span class='ocrx_word' id='word_1_339' title='bbox 148 3459 265 3540; x_wconf 75' lang='lat' dir='ltr'><strong>peditur,</strong></span> <span class='ocrx_word' id='word_1_340' title='bbox 295 3459 325 3518; x_wconf 88' lang='lat' dir='ltr'><strong>in</strong></span> <span class='ocrx_word' id='word_1_341' title='bbox 350 3459 443 3534; x_wconf 81' lang='lat' dir='ltr'><strong>medio</strong></span> <span class='ocrx_word' id='word_1_342' title='bbox 466 3461 529 3517; x_wconf 80' lang='lat' dir='ltr'><strong>aios</strong></span> <span class='ocrx_word' id='word_1_343' title='bbox 548 3467 686 3532; x_wconf 66' lang='lat' dir='ltr'><strong>armarat,</strong></span> <span class='ocrx_word' id='word_1_344' title='bbox 713 3479 774 3539; x_wconf 91' lang='lat' dir='ltr'><strong>quo</strong></span> <span class='ocrx_word' id='word_1_345' title='bbox 804 3481 835 3519; x_wconf 91' lang='lat' dir='ltr'><strong>se</strong></span> <span class='ocrx_word' id='word_1_346' title='bbox 860 3465 1001 3541; x_wconf 85' lang='lat' dir='ltr'><strong>pastorem</strong></span> <span class='ocrx_word' id='word_1_347' title='bbox 1027 3461 1197 3519; x_wconf 73' lang='lat' dir='ltr'><strong>ostentmst.</strong></span> <span class='ocrx_word' id='word_1_348' title='bbox 1238 3459 1280 3520; x_wconf 91' lang='lat' dir='ltr'><strong>lta</strong></span> 
     </span>
     <span class='ocr_line' id='line_1_39' title="bbox 147 3533 1280 3620; baseline 0.002 -24"><span class='ocrx_word' id='word_1_349' title='bbox 147 3537 286 3618; x_wconf 87' lang='lat' dir='ltr'><strong>particula</strong></span> <span class='ocrx_word' id='word_1_350' title='bbox 305 3541 364 3605; x_wconf 67' lang='lat' dir='ltr'><strong>nit</strong></span> <span class='ocrx_word' id='word_1_351' title='bbox 385 3559 440 3597; x_wconf 89' lang='lat' dir='ltr'><strong>non</strong></span> <span class='ocrx_word' id='word_1_352' title='bbox 454 3541 516 3608; x_wconf 70' lang='lat' dir='ltr'><strong>‚erit</strong></span> <span class='ocrx_word' id='word_1_353' title='bbox 534 3541 649 3620; x_wconf 87' lang='lat' dir='ltr'><strong>proprie</strong></span> <span class='ocrx_word' id='word_1_354' title='bbox 668 3541 874 3611; x_wconf 76' lang='lat' dir='ltr'><strong>sonchlio&#39;ualis,</strong></span> <span class='ocrx_word' id='word_1_355' title='bbox 894 3539 945 3599; x_wconf 85' lang='lat' dir='ltr'><strong>sed</strong></span> <span class='ocrx_word' id='word_1_356' title='bbox 963 3533 1132 3620; x_wconf 66' lang='lat' dir='ltr'><strong>exposititia.</strong></span> <span class='ocrx_word' id='word_1_357' title='bbox 1162 3537 1216 3598; x_wconf 81' lang='lat' dir='ltr'><strong>vot</strong></span> <span class='ocrx_word' id='word_1_358' title='bbox 1227 3559 1280 3620; x_wconf 69' lang='lat' dir='ltr'><strong>ppo</strong></span> 
     </span>
     <span class='ocr_line' id='line_1_40' title="bbox 146 3617 1280 3696; baseline 0.001 -20"><span class='ocrx_word' id='word_1_359' title='bbox 146 3619 285 3696; x_wconf 89' lang='lat' dir='ltr'><strong>temporis</strong></span> <span class='ocrx_word' id='word_1_360' title='bbox 304 3619 439 3678; x_wconf 72' lang='lat' dir='ltr'><strong>advmbio</strong></span> <span class='ocrx_word' id='word_1_361' title='bbox 451 3626 598 3678; x_wconf 81' lang='lat' dir='ltr'><strong>sumetur:</strong></span> <span class='ocrx_word' id='word_1_362' title='bbox 618 3619 675 3678; x_wconf 85' lang='lat' dir='ltr'><strong>acsi</strong></span> <span class='ocrx_word' id='word_1_363' title='bbox 695 3619 800 3678; x_wconf 88' lang='lat' dir='ltr'><strong>dictum</strong></span> <span class='ocrx_word' id='word_1_364' title='bbox 822 3627 904 3693; x_wconf 85' lang='lat' dir='ltr'><strong>esset,</strong></span> <span class='ocrx_word' id='word_1_365' title='bbox 929 3617 1005 3679; x_wconf 88' lang='lat' dir='ltr'><strong>hanc</strong></span> <span class='ocrx_word' id='word_1_366' title='bbox 1024 3639 1085 3680; x_wconf 85' lang='lat' dir='ltr'><strong>essa</strong></span> <span class='ocrx_word' id='word_1_367' title='bbox 1105 3621 1280 3680; x_wconf 86' lang='lat' dir='ltr'><strong>discretionis</strong></span> 
     </span>
    </p>
   </div>
   <div class='ocr_carea' id='block_1_7' title="bbox 147 3697 1394 3779">
    <p class='ocr_par' dir='ltr' id='par_1_9' title="bbox 147 3697 1394 3779">
     <span class='ocr_line' id='line_1_41' title="bbox 147 3697 1394 3779; baseline 0.001 -23"><span class='ocrx_word' id='word_1_368' title='bbox 147 3703 245 3756; x_wconf 88' lang='lat' dir='ltr'><strong>nolam</strong></span> <span class='ocrx_word' id='word_1_369' title='bbox 271 3697 345 3756; x_wconf 89' lang='lat' dir='ltr'><strong>inter</strong></span> <span class='ocrx_word' id='word_1_370' title='bbox 364 3698 469 3758; x_wconf 85' lang='lat' dir='ltr'><strong>Gentes</strong></span> <span class='ocrx_word' id='word_1_371' title='bbox 495 3697 672 3773; x_wconf 76' lang='lat' dir='ltr'><strong>siluisses,</strong></span> <span class='ocrx_word' id='word_1_372' title='bbox 696 3701 762 3779; x_wconf 75' lang='lat' dir='ltr'><strong>quin</strong></span> <span class='ocrx_word' id='word_1_373' title='bbox 783 3699 862 3759; x_wconf 81' lang='lat' dir='ltr'><strong>Datus</strong></span> <span class='ocrx_word' id='word_1_374' title='bbox 887 3699 923 3759; x_wconf 88' lang='lat' dir='ltr'><strong>ati</strong></span> <span class='ocrx_word' id='word_1_375' title='bbox 947 3699 1001 3778; x_wconf 84' lang='lat' dir='ltr'><strong>hos</strong></span> <span class='ocrx_word' id='word_1_376' title='bbox 1019 3713 1121 3760; x_wconf 79' lang='lat' dir='ltr'><strong>vocem</strong></span> <span class='ocrx_word' id='word_1_377' title='bbox 1140 3719 1220 3760; x_wconf 85' lang='lat' dir='ltr'><strong>suam</strong></span> <span class='ocrx_word' id='word_1_378' title='bbox 1241 3697 1281 3757; x_wconf 86' lang='lat' dir='ltr'><strong>tli-</strong></span> <span class='ocrx_word' id='word_1_379' title='bbox 1390 3740 1394 3748; x_wconf 75' lang='lat'><em>,</em></span> 
     </span>
    </p>
   </div>
   <div class='ocr_carea' id='block_1_8' title="bbox 121 3777 1342 4500">
    <p class='ocr_par' dir='ltr' id='par_1_10' title="bbox 121 3777 1342 4500">
     <span class='ocr_line' id='line_1_42' title="bbox 147 3777 1280 3861; baseline 0.003 -26"><span class='ocrx_word' id='word_1_380' title='bbox 147 3781 275 3835; x_wconf 85' lang='lat' dir='ltr'><strong>rexerat:</strong></span> <span class='ocrx_word' id='word_1_381' title='bbox 296 3779 368 3836; x_wconf 83' lang='lat' dir='ltr'><strong>elcut</strong></span> <span class='ocrx_word' id='word_1_382' title='bbox 387 3779 452 3837; x_wconf 90' lang='lat' dir='ltr'><strong>alibi</strong></span> <span class='ocrx_word' id='word_1_383' title='bbox 473 3777 583 3852; x_wconf 62' lang='lat' dir='ltr'><strong>dieitnq</strong></span> <span class='ocrx_word' id='word_1_384' title='bbox 606 3794 666 3838; x_wconf 88' lang='lat' dir='ltr'><strong>non</strong></span> <span class='ocrx_word' id='word_1_385' title='bbox 690 3781 740 3838; x_wconf 88' lang='lat' dir='ltr'><strong>ita·</strong></span> <span class='ocrx_word' id='word_1_386' title='bbox 753 3779 851 3839; x_wconf 85' lang='lat' dir='ltr'><strong>iecisse</strong></span> <span class='ocrx_word' id='word_1_387' title='bbox 875 3781 990 3861; x_wconf 79' lang='lat' dir='ltr'><strong>reliquis</strong></span> <span class='ocrx_word' id='word_1_388' title='bbox 1015 3780 1188 3852; x_wconf 71' lang='lat' dir='ltr'><strong>nationibus,</strong></span> <span class='ocrx_word' id='word_1_389' title='bbox 1205 3778 1280 3838; x_wconf 88' lang='lat' dir='ltr'><strong>Psal.</strong></span> 
     </span>
     <span class='ocr_line' id='line_1_43' title="bbox 148 3855 1281 3940; baseline -0.003 -21"><span class='ocrx_word' id='word_1_390' title='bbox 148 3859 218 3929; x_wconf 78' lang='lat' dir='ltr'><strong>att,</strong></span> <span class='ocrx_word' id='word_1_391' title='bbox 238 3859 286 3917; x_wconf 70' lang='lat'><strong>2‘0.</strong></span> <span class='ocrx_word' id='word_1_392' title='bbox 325 3855 447 3918; x_wconf 82' lang='lat' dir='ltr'><strong>Dixerat</strong></span> <span class='ocrx_word' id='word_1_393' title='bbox 467 3863 562 3918; x_wconf 88' lang='lat' dir='ltr'><strong>autem</strong></span> <span class='ocrx_word' id='word_1_394' title='bbox 581 3862 660 3939; x_wconf 89' lang='lat' dir='ltr'><strong>prius</strong></span> <span class='ocrx_word' id='word_1_395' title='bbox 679 3857 783 3932; x_wconf 76' lang='lat' dir='ltr'><strong>Moses,</strong></span> <span class='ocrx_word' id='word_1_396' title='bbox 805 3859 889 3919; x_wconf 79' lang='lat' dir='ltr'><strong>licut.</strong></span> <span class='ocrx_word' id='word_1_397' title='bbox 910 3861 938 3940; x_wconf 79' lang='lat'><strong>4,</strong></span> <span class='ocrx_word' id='word_1_398' title='bbox 958 3863 987 3922; x_wconf 81' lang='lat' dir='ltr'><strong>s.</strong></span> <span class='ocrx_word' id='word_1_399' title='bbox 1008 3863 1036 3923; x_wconf 85' lang='lat'><strong>7.</strong></span> <span class='ocrx_word' id='word_1_400' title='bbox 1071 3859 1149 3919; x_wconf 84' lang='lat' dir='ltr'><strong>liaeo</strong></span> <span class='ocrx_word' id='word_1_401' title='bbox 1168 3867 1212 3919; x_wconf 86' lang='lat' dir='ltr'><strong>est</strong></span> <span class='ocrx_word' id='word_1_402' title='bbox 1231 3879 1281 3916; x_wconf 87' lang='lat' dir='ltr'><strong>no-</strong></span> 
     </span>
     <span class='ocr_line' id='line_1_44' title="bbox 149 3935 1282 4018; baseline 0.003 -24"><span class='ocrx_word' id='word_1_403' title='bbox 149 3935 243 3999; x_wconf 82' lang='lat' dir='ltr'><strong>bilitas</strong></span> <span class='ocrx_word' id='word_1_404' title='bbox 268 3942 362 3997; x_wconf 79' lang='lat' dir='ltr'><strong>vestra</strong></span> <span class='ocrx_word' id='word_1_405' title='bbox 378 3939 485 3998; x_wconf 81' lang='lat' dir='ltr'><strong>&#39;comm</strong></span> <span class='ocrx_word' id='word_1_406' title='bbox 511 3940 634 4018; x_wconf 83' lang='lat' dir='ltr'><strong>populis,</strong></span> <span class='ocrx_word' id='word_1_407' title='bbox 663 3957 738 4018; x_wconf 86' lang='lat' dir='ltr'><strong>quae</strong></span> <span class='ocrx_word' id='word_1_408' title='bbox 760 3941 835 3998; x_wconf 88' lang='lat' dir='ltr'><strong>enim</strong></span> <span class='ocrx_word' id='word_1_409' title='bbox 860 3946 903 3998; x_wconf 84' lang='lat' dir='ltr'><strong>est</strong></span> <span class='ocrx_word' id='word_1_410' title='bbox 923 3935 1000 4000; x_wconf 86' lang='lat' dir='ltr'><strong>natio</strong></span> <span class='ocrx_word' id='word_1_411' title='bbox 1019 3940 1183 4013; x_wconf 84' lang='lat' dir='ltr'><strong>subcoelo,</strong></span> <span class='ocrx_word' id='word_1_412' title='bbox 1208 3949 1282 4017; x_wconf 83' lang='lat' dir='ltr'><strong>quta</strong></span> 
     </span>
     <span class='ocr_line' id='line_1_45' title="bbox 149 4014 1282 4100; baseline 0.004 -26"><span class='ocrx_word' id='word_1_413' title='bbox 149 4015 218 4074; x_wconf 86' lang='lat' dir='ltr'><strong>aleos</strong></span> <span class='ocrx_word' id='word_1_414' title='bbox 238 4014 341 4076; x_wconf 86' lang='lat' dir='ltr'><strong>habeat</strong></span> <span class='ocrx_word' id='word_1_415' title='bbox 360 4019 398 4076; x_wconf 89' lang='lat' dir='ltr'><strong>ita</strong></span> <span class='ocrx_word' id='word_1_416' title='bbox 419 4020 678 4100; x_wconf 85' lang='lat' dir='ltr'><strong>appropinquantes</strong></span> <span class='ocrx_word' id='word_1_417' title='bbox 699 4019 768 4078; x_wconf 78' lang='lat' dir='ltr'><strong>sibit</strong></span> <span class='ocrx_word' id='word_1_418' title='bbox 787 4019 890 4078; x_wconf 85' lang='lat' dir='ltr'><strong>Solent</strong></span> <span class='ocrx_word' id='word_1_419' title='bbox 910 4028 1004 4080; x_wconf 68' lang='lat' dir='ltr'><strong>annm</strong></span> <span class='ocrx_word' id='word_1_420' title='bbox 1024 4017 1282 4098; x_wconf 85' lang='lat' dir='ltr'><strong>multaProphetae</strong></span> 
     </span>
     <span class='ocr_line' id='line_1_46' title="bbox 121 4093 1281 4180; baseline 0.003 -26"><span class='ocrx_word' id='word_1_421' title='bbox 121 4133 126 4142; x_wconf 81' lang='lat'><em>·</em></span> <span class='ocrx_word' id='word_1_422' title='bbox 149 4116 166 4154; x_wconf 89' lang='lat' dir='ltr'><strong>a</strong></span> <span class='ocrx_word' id='word_1_423' title='bbox 186 4093 268 4153; x_wconf 82' lang='lat' dir='ltr'><strong>Mose</strong></span> <span class='ocrx_word' id='word_1_424' title='bbox 288 4099 421 4168; x_wconf 80' lang='lat' dir='ltr'><strong>mutuari,</strong></span> <span class='ocrx_word' id='word_1_425' title='bbox 444 4104 476 4156; x_wconf 91' lang='lat' dir='ltr'><strong>ut</strong></span> <span class='ocrx_word' id='word_1_426' title='bbox 495 4100 562 4155; x_wconf 88' lang='lat' dir='ltr'><strong>satis</strong></span> <span class='ocrx_word' id='word_1_427' title='bbox 581 4105 681 4156; x_wconf 88' lang='lat' dir='ltr'><strong>notum</strong></span> <span class='ocrx_word' id='word_1_428' title='bbox 702 4103 759 4156; x_wconf 75' lang='lat' dir='ltr'><strong>asle</strong></span> <span class='ocrx_word' id='word_1_429' title='bbox 783 4117 817 4158; x_wconf 86' lang='lat' dir='ltr'><strong>so</strong></span> <span class='ocrx_word' id='word_1_430' title='bbox 840 4099 999 4180; x_wconf 83' lang='lat' dir='ltr'><strong>emphatice</strong></span> <span class='ocrx_word' id='word_1_431' title='bbox 1019 4101 1194 4158; x_wconf 62' lang='lat' dir='ltr'><strong>ammantat</strong></span> <span class='ocrx_word' id='word_1_432' title='bbox 1213 4096 1281 4158; x_wconf 87' lang='lat' dir='ltr'><strong>Pro·</strong></span> 
     </span>
     <span class='ocr_line' id='line_1_47' title="bbox 150 4171 1283 4260; baseline 0.004 -26"><span class='ocrx_word' id='word_1_433' title='bbox 150 4175 237 4256; x_wconf 75' lang='lat' dir='ltr'><strong>qureta</strong></span> <span class='ocrx_word' id='word_1_434' title='bbox 260 4176 291 4234; x_wconf 90' lang='lat' dir='ltr'><strong>in</strong></span> <span class='ocrx_word' id='word_1_435' title='bbox 315 4175 450 4236; x_wconf 85' lang='lat' dir='ltr'><strong>adverbio</strong></span> <span class='ocrx_word' id='word_1_436' title='bbox 469 4179 562 4246; x_wconf 63' lang='lat' dir='ltr'><strong>inde,</strong></span> <span class='ocrx_word' id='word_1_437' title='bbox 588 4177 706 4236; x_wconf 84' lang='lat' dir='ltr'><strong>ludaeos</strong></span> <span class='ocrx_word' id='word_1_438' title='bbox 730 4194 792 4238; x_wconf 84' lang='lat' dir='ltr'><strong>esse</strong></span> <span class='ocrx_word' id='word_1_439' title='bbox 811 4177 867 4239; x_wconf 88' lang='lat' dir='ltr'><strong>Dei</strong></span> <span class='ocrx_word' id='word_1_440' title='bbox 891 4181 1039 4260; x_wconf 77' lang='lat' dir='ltr'><strong>populum,</strong></span> <span class='ocrx_word' id='word_1_441' title='bbox 1059 4171 1149 4258; x_wconf 85' lang='lat' dir='ltr'><strong>quum</strong></span> <span class='ocrx_word' id='word_1_442' title='bbox 1169 4179 1283 4238; x_wconf 85' lang='lat' dir='ltr'><strong>audiant</strong></span> 
     </span>
     <span class='ocr_line' id='line_1_48' title="bbox 150 4256 1284 4338; baseline 0.004 -24"><span class='ocrx_word' id='word_1_443' title='bbox 150 4257 211 4314; x_wconf 84' lang='lat' dir='ltr'><strong>cius</strong></span> <span class='ocrx_word' id='word_1_444' title='bbox 231 4273 348 4315; x_wconf 83' lang='lat' dir='ltr'><strong>vorem:</strong></span> <span class='ocrx_word' id='word_1_445' title='bbox 368 4257 435 4334; x_wconf 89' lang='lat' dir='ltr'><strong>quia</strong></span> <span class='ocrx_word' id='word_1_446' title='bbox 454 4269 514 4315; x_wconf 89' lang='lat' dir='ltr'><strong>non</strong></span> <span class='ocrx_word' id='word_1_447' title='bbox 533 4257 633 4338; x_wconf 80' lang='lat' dir='ltr'><strong>procot</strong></span> <span class='ocrx_word' id='word_1_448' title='bbox 649 4257 842 4336; x_wconf 81' lang='lat' dir='ltr'><strong>quaerentium</strong></span> <span class='ocrx_word' id='word_1_449' title='bbox 857 4261 897 4319; x_wconf 88' lang='lat' dir='ltr'><strong>&#39;sit</strong></span> <span class='ocrx_word' id='word_1_450' title='bbox 911 4256 1113 4331; x_wconf 82' lang='lat' dir='ltr'><strong>testimonium,</strong></span> <span class='ocrx_word' id='word_1_451' title='bbox 1133 4259 1183 4319; x_wconf 83' lang='lat' dir='ltr'><strong>sed</strong></span> <span class='ocrx_word' id='word_1_452' title='bbox 1202 4260 1232 4318; x_wconf 90' lang='lat' dir='ltr'><strong>in</strong></span> <span class='ocrx_word' id='word_1_453' title='bbox 1250 4278 1284 4318; x_wconf 87' lang='lat' dir='ltr'><strong>re</strong></span> 
     </span>
     <span class='ocr_line' id='line_1_49' title="bbox 150 4335 1283 4420; baseline 0.007 -28"><span class='ocrx_word' id='word_1_454' title='bbox 150 4337 293 4414; x_wconf 88' lang='lat' dir='ltr'><strong>praesenti</strong></span> <span class='ocrx_word' id='word_1_455' title='bbox 318 4340 462 4415; x_wconf 84' lang='lat' dir='ltr'><strong>appareat,</strong></span> <span class='ocrx_word' id='word_1_456' title='bbox 485 4341 516 4394; x_wconf 81' lang='lat' dir='ltr'><strong>et</strong></span> <span class='ocrx_word' id='word_1_457' title='bbox 534 4335 696 4396; x_wconf 86' lang='lat' dir='ltr'><strong>subuculis</strong></span> <span class='ocrx_word' id='word_1_458' title='bbox 717 4345 858 4398; x_wconf 72' lang='lat' dir='ltr'><strong>&#39;versatile</strong></span> <span class='ocrx_word' id='word_1_459' title='bbox 894 4335 980 4398; x_wconf 78' lang='lat' dir='ltr'><strong>&#39;lubet</strong></span> <span class='ocrx_word' id='word_1_460' title='bbox 996 4355 1065 4418; x_wconf 90' lang='lat' dir='ltr'><strong>ergo</strong></span> <span class='ocrx_word' id='word_1_461' title='bbox 1085 4339 1114 4398; x_wconf 89' lang='lat' dir='ltr'><strong>in</strong></span> <span class='ocrx_word' id='word_1_462' title='bbox 1134 4357 1169 4399; x_wconf 90' lang='lat' dir='ltr'><strong>eo</strong></span> <span class='ocrx_word' id='word_1_463' title='bbox 1189 4345 1283 4420; x_wconf 85' lang='lat' dir='ltr'><strong>paste-</strong></span> 
     </span>
     <span class='ocr_line' id='line_1_50' title="bbox 149 4415 1342 4500; baseline 0.002 -24"><span class='ocrx_word' id='word_1_464' title='bbox 149 4435 211 4476; x_wconf 87' lang='lat' dir='ltr'><strong>rem</strong></span> <span class='ocrx_word' id='word_1_465' title='bbox 231 4431 394 4495; x_wconf 82' lang='lat' dir='ltr'><strong>agnoscere,</strong></span> <span class='ocrx_word' id='word_1_466' title='bbox 413 4415 496 4496; x_wconf 84' lang='lat' dir='ltr'><strong>quotl-</strong></span> <span class='ocrx_word' id='word_1_467' title='bbox 510 4433 611 4476; x_wconf 85' lang='lat' dir='ltr'><strong>vocem</strong></span> <span class='ocrx_word' id='word_1_468' title='bbox 624 4417 821 4494; x_wconf 76' lang='lat' dir='ltr'><strong>ass-antsant,</strong></span> <span class='ocrx_word' id='word_1_469' title='bbox 841 4419 907 4498; x_wconf 89' lang='lat' dir='ltr'><strong>quia</strong></span> <span class='ocrx_word' id='word_1_470' title='bbox 922 4419 1057 4500; x_wconf 84' lang='lat' dir='ltr'><strong>singulari</strong></span> <span class='ocrx_word' id='word_1_471' title='bbox 1069 4419 1158 4498; x_wconf 74' lang='lat' dir='ltr'><strong>grassa</strong></span> <span class='ocrx_word' id='word_1_472' title='bbox 1177 4420 1284 4482; x_wconf 87' lang='lat' dir='ltr'><strong>lactum</strong></span> <span class='ocrx_word' id='word_1_473' title='bbox 1335 4458 1342 4471; x_wconf 45' lang='grc' dir='ltr'>ι</span> 
     </span>
    </p>
   </div>
   <div class='ocr_carea' id='block_1_9' title="bbox 0 0 1462 4888">
    <p class='ocr_par' dir='ltr' id='par_1_11' title="bbox 0 0 1462 4888">
     <span class='ocr_line' id='line_1_51' title="bbox 0 0 1462 4888; baseline 0 0"><span class='ocrx_word' id='word_1_474' title='bbox 0 0 1462 4888; x_wconf 95' lang='lat' dir='ltr'><strong> </strong></span> 
     </span>
    </p>
   </div>
  </div>
 </body>
</html>
