2844 4882
526 299 534 334 ι
552 298 568 336 n
599 297 756 341 rernm.
787 301 869 338 curn.
893 277 901 290 ”
1200 301 1254 360 did

1 435 2 438 ¹
117 410 223 498 pietas,
241 423 355 498 turpem
374 416 604 500 ingratitudinem
624 417 777 502 prodimus.
809 417 884 481 Vero
903 421 988 502 igitur
1006 425 1036 482 et
1056 421 1131 483 utilia
1152 425 1252 487 cottila
1293 417 1304 448 ⁸
1398 445 1407 466 ι

1 557 3 565 p
118 497 263 556 doctrinar
293 495 342 557 ned
367 497 444 594 aliud
469 495 614 595 hocloco
636 497 778 637 Propheta
803 499 901 560 votuit.
942 498 1019 579 Quia
1042 501 1118 562 enim
1139 503 1263 586 videbat¹
1303 522 1307 530 ·

117 574 550 736 ttttt..⁰ttt⁰t¹.tttt
568 576 690 720 tttt
708 579 947 740 iiii’ndffi
964 580 1249 722 ttttttt'tttt

117 734 195 796 dine.
236 733 337 818 Neque
360 733 418 796 hoo
441 742 500 798 tarn
520 755 572 796 rua
591 753 675 796 cansa
695 735 781 811 dixit,
814 757 900 818 qnam
921 745 953 798 nt
972 757 1024 798 auo
1044 751 1125 800 'crem
1150 739 1179 800 io
1199 739 1248 800 do·

117 819 212 888 nent,
242 813 267 875 ri
292 814 424 895 cupimus
448 815 587 876 inoffenso
607 813 696 896 gradu
716 835 832 899 pergere
851 817 880 877 in
900 819 946 888 pio
968 814 1097 893 Domini,
1127 761 1248 882 dandam

1 913 2 933 ι
115 895 149 954 tn
178 894 278 974 primic
306 911 368 954 esee
397 911 514 974 operam
526 901 572 954 ,ut
594 895 755 976 longissime
774 894 898 956 abeimno
918 913 934 957 ι
953 895 1248 980 percunctante,
1272 969 1280 978 ,

116 991 178 1034 uon
198 973 327 1034 locorum
347 972 493 1046 distantia,
521 973 572 1034 ned
591 993 646 1034 unu
669 981 699 1035 et
724 976 989 1037 communicatione:
1021 975 1088 1056 quia
1114 975 1177 1038 fieri
1197 980 1247 1042 rix
1279 1031 1281 1044 ,
1347 1023 1378 1042 ..

117 1059 224 1134 potest,
242 1054 267 1112 ei
286 1051 460 1118 semitian'ter
478 1051 515 1112 ad
533 1071 588 1114 noe
607 1052 752 1134 obrepant,
772 1054 840 1134 quin
859 1073 911 1114 ena
931 1057 1099 1150 contagione
1117 1057 1246 1150 protinus

117 1132 540 1292 trottcntrtrn
554 1131 1245 1294 ttnnrnnrnttttrtr

1 1305 2 1317 *
75 1313 78 1321 ·
118 1297 185 1364 aut,
204 1279 275 1370 q'din
300 1291 423 1351 mundun
443 1291 564 1352 refertus
583 1296 626 1352 ent
645 1291 821 1372 corruptelis.
852 1289 893 1374 'du
913 1297 992 1352 tanta
1011 1299 1107 1353 autem
1127 1301 1244 1356 naturae

117 1377 232 1432 noune
246 1370 410 1431 infirmitate
429 1361 499 1430 nihil
515 1370 668 1450 proctivius
687 1376 730 1431 eet
749 1389 834 1450 quarn
855 1371 941 1446 infici,
960 1378 990 1432 ct
999 1371 1186 1453 pollutionem
1206 1394 1244 1436 ex

115 1451 234 1510 minimo
252 1455 385 1511 contactu
404 1449 581 1512 connubere.
621 1447 720 1528 Quare
737 1452 838 1511 merito
859 1451 1001 1532 Propheta
1022 1456 1054 1510 nt
1073 1452 1133 1512 niue
1151 1449 1240 1515 biden-

1 1559 6 1567 ·
114 1547 148 1589 ιιι
167 1531 196 1588 in
218 1528 272 1590 Dei
291 1531 394 1590 timore
413 1537 522 1610 perget,
541 1529 679 1591 iaceeacre
697 1546 716 1588 a
732 1547 765 1590 aa
783 1530 862 1592 iubet
880 1531 991 1612 impios.
1021 1526 1095 1590 Nam
1115 1531 1243 1612 quinquie

113 1629 146 1668 ee
162 1623 274 1670 'eornm
303 1609 510 1670 consuetudine
536 1607 718 1688 implicudrit‚
746 1627 877 1669 oucceeeu
906 1608 1019 1670 tandem
1039 1611 1173 1690 temporie
1191 1609 1243 1672 fiet

112 1694 148 1748 nt
173 1707 204 1748 oe
227 1707 294 1750 eum
318 1687 380 1748 illic
393 1689 522 1768 proiiciat
542 1687 579 1748 cd
597 1693 790 1767 contemptum
812 1685 881 1759 net.
911 1695 940 1748 et
959 1690 1046 1749 vitem
1066 1687 1241 1750 dissolutam.

112 1767 212 1848 Atque
241 1768 308 1828 hnic
327 1767 402 1828 dicto
421 1767 575 1850 respondet
599 1766 754 1836 admonitio
774 1765 854 1827 Pauli
873 1766 980 1846 2091&
1000 1768 1030 1844 6,
1049 1767 1096 1830 14.
1136 1766 1180 1830 Ne
1199 1770 1242 1828 iu·
1362 1765 1364 1770 ’

134 1867 184 1908 um
208 1846 345 1907 docanrua
368 1865 434 1908 cum
456 1845 625 1907 infidelibus.
665 1843 837 1942 Quanquam
863 1853 958 1908 autem
982 1867 1040 1908 non
1068 1853 1129 1908 erat
1148 1848 1177 1908 in
1196 1867 1239 1908 ar·

1 1947 3 1980 ι
113 1867 199 1988 {tirio
211 1925 266 1986 Pro
288 1926 369 1987 hetae
387 1926 473 2006 longe
491 1926 589 2007 ingere
607 1925 725 2006 impios,
748 1925 886 2006 argnidcot
905 1931 1000 1986 umen
1018 1925 1062 1987 his
1082 1925 1185 2001 verbio,
1204 1927 1239 1988 ei·

86 2033 89 2040 ¹
113 2005 143 2065 bi
173 2005 242 2066 nihii
266 1947 327 2066 dore
351 2005 470 2088 posthac
494 2023 559 2066 cum
579 2005 635 2066 illia
654 2023 814 2066 commuue.
852 2003 1020 2086 Emphatice
1038 2006 1123 2066 etiem
1142 2009 1240 2068 Deum

112 2107 199 2146 earnm
218 2081 355 2160 numindt,
375 2093 407 2146 ut
425 2091 543 2146 tentetur
561 2102 627 2146 cum
646 2077 735 2145 unnrir
754 2083 806 2144 eibi
825 2101 888 2146 esec
907 2084 996 2164 pluria
1015 2101 1102 2164 quam
1121 2093 1239 2146 cunctos

112 2165 257 2226 mortales.
297 2161 371 2226 Nam
395 2165 461 2243 quia
485 2163 598 2224 ridebat
637 2163 721 2224 nanim
740 2165 909 2244 grassante
927 2170 1003 2226 tumn
1022 2162 1159 2224 scelernm
1178 2164 1236 2224 col·

111 2245 235 2320 luviem,
262 2243 416 2306 divortium
444 2243 511 2304 decit
530 2263 596 2304 oum
615 2183 790 2318 dominibus,
809 2249 842 2304 nt
861 2261 892 2302 ne
910 2243 947 2302 ad
968 2240 1062 2304 Dcnrn
1082 2241 1235 2324 colligeret.

111 2324 209 2404 Atque
238 2322 322 2384 hodic
350 2341 521 2404 magnopere
549 2323 679 2397 intereat,
706 2341 743 2382 ne
766 2321 840 2384 mata
865 2321 996 2402 exempla
1015 2341 1068 2382 non
1087 2321 1236 2404 abripiant,
1316 2327 1321 2344 '

109 2401 205 2464 Deum
225 2409 348 2465 statuere
367 2421 384 2463 a
400 2409 485 2486 parte
502 2409 610 2480 noema,
628 2403 706 2463 ct'in
725 2421 760 2463 eo
779 2407 940 2464 constanter
958 2419 1081 2480 manere,
1100 2402 1168 2483 quia
1181 2419 1235 2466 nc-

108 2487 166 2545 ricr
183 2490 236 2544 cst.

103 2637 104 2640 Ἴ
186 2565 251 2628 116.
271 2567 413 2627 Sectaotu
431 2586 476 2625 me
495 2572 527 2626 in
545 2583 676 2627 emmone
693 2571 754 2635 too.
773 2561 857 2625 Multi
875 2561 980 2644 legunt,
1000 2561 1155 2624 occandum
1174 2549 1234 2624 aer·
1326 2563 1329 2568 ’

107 2661 221 2706 monem
245 2649 340 2717 tunm,
369 2649 403 2704 nt
421 2650 450 2715 2
469 2651 599 2706 comatur
621 2643 686 2706 loco
707 2647 733 2713 2
753 2649 837 2706 notae
856 2642 1056 2721 similitudinis:
1087 2648 1173 2724 atque
1192 2644 1232 2704 ita

106 2742 204 2783 nenena
223 2729 311 2796 meet,
339 2729 465 2784 contenta
485 2742 531 2785 rue
550 2724 706 2786 aenrndum
724 2722 810 2788 fidam
829 2741 916 2803 quarn
936 2721 1050 2795 dedisti,
1075 2721 1121 2782 vet
1146 2729 1232 2802 prout

106 2803 175 2864 mihi
195 2803 336 2883 pollicitus
355 2821 396 2862 ea.
435 2801 472 2865 Et
496 2811 574 2864 certe
593 2805 706 2885 qnotiec
725 2801 806 2864 nobis
825 2822 941 2864 manum
958 2801 1079 2898 porrigit
1099 2799 1179 2862 Dana
1199 2807 1231 2860 ut

107 2883 247 2962 collapsos
276 2883 378 2960 erigat,
397 2881 444 2943 rel
466 2883 566 2944 eadem
585 2901 672 2944 mauu
690 2901 744 2944 noe
763 2881 854 2957 inicit,
873 2881 1074 2964 promraeionee
1094 2899 1159 2941 cuae
1178 2882 1229 2941 iru-

126 2961 175 3022 irt.
212 2959 333 3022 Videtur
360 2967 456 3024 umen
476 2959 618 3042 Propheta
643 2961 694 3024 cibi
719 2961 862 3043 potulcre
881 2961 946 3022 fidei
966 2959 1167 3034 coenantium,
1197 2965 1232 3020 nt

53 3036 58 3052 ⁴
105 2983 203 3100 drmue
222 3042 253 3099 in
270 3037 358 3100 verbo
376 3048 498 3103 maneat.
535 3041 627 3102 Sicuti
645 3044 720 3102 enirn
740 3041 860 3102 dicimur
878 3040 1007 3103 excidere
1026 3059 1046 3101 a·
1062 3038 1148 3100 verbo
1166 3037 1231 3112 Det,

105 3119 260 3181 excidendo
290 3116 326 3179 nb
354 3121 416 3180 eius
443 3121 515 3195 fido,
543 3128 582 3182 ita
606 3123 822 3202 quantisper-iu
846 3123 906 3190 eius
926 3119 1010 3180 fidem
1030 3119 1230 3195 recumbimur,

105 3199 211 3260 tutrun
229 3205 325 3258 noema
348 3205 401 3258 eet.
440 3198 518 3277 Quia
542 3219 612 3262 vero
637 3198 741 3261 uniebat
773 3195 916 3340 Propheta
948 3219 1006 3259 non
1037 3219 1099 3260 cecc
1123 3201 1154 3259 in
1174 3199 1229 3260 ho·

92 3280 180 3344 „mine
199 3284 309 3337 tontum
329 3276 514 3358 tortitudinis,
571 3282 771 3342 moerentium
790 3299 807 3338 a
857 3299 892 3339 eo
913 3279 995 3358 petit,
1014 3285 1151 3358 tanquam
1171 3281 1228 3340 oin·

106 3357 201 3439 guture
225 3357 348 3438 spiritua
372 3358 486 3419 donum.
550 3379 602 3442 rgo
626 3379 719 3439 neque
748 3356 813 3418 aiibi
833 3361 987 3439 reperietur
1007 3375 1073 3418 vera
1092 3357 1228 3418 stabilitas

125 3455 189 3497 num
219 3438 249 3496 in
281 3435 367 3498 verbo
387 3435 456 3498 Dei:
485 3446 515 3499 et
541 3459 626 3500 nemo
650 3438 717 3500 huic
742 3445 902 3499 constanter
925 3437 1005 3497 inniti
1026 3437 1143 3517 poterit,
1174 3438 1228 3496 nini
1278 3461 1281 3470 ⁴

104 3459 225 3596 gpiritna
249 3517 338 3576 nancti
361 3519 465 3578 virtute
488 3519 680 3580 confirmetur.
718 3517 785 3577 ldao
805 3515 917 3598 semper
935 3517 1075 3594 rogandus
1096 3513 1175 3576 Dece
1195 3522 1228 3574 nt
1321 3546 1326 3556 ·
1420 3535 1421 3542 ¹

103 3615 155 3656 noa
179 3597 208 3654 in
228 3595 285 3656 fide
303 3597 422 3657 retincat
440 3599 489 3678 qui
509 3599 588 3659 ectus
607 3617 670 3659 cern
689 3595 804 3658 inchoet
823 3603 853 3656 ct
872 3594 988 3676 perficit.
1029 3594 1119 3656 Porro
1139 3597 1227 3654 vitem

103 3676 131 3735 in
150 3674 206 3734 tide
224 3675 337 3750 lucana,
362 3695 470 3738 meram
488 3677 630 3738 fallaciam
648 3695 711 3738 ease
730 3675 814 3738 docet
832 3673 966 3754 quicquid
986 3672 1039 3736 cibi
1057 3676 1227 3755 promittunt

102 3755 228 3814 homines
246 3761 327 3816 extra
347 3755 474 3818 verbum.
504 3755 626 3818 Solnae
688 3754 830 3816 Dominus
850 3753 937 3814 verbo
957 3773 1009 3813 suo
1030 3751 1169 3828 vivificet,
1189 3753 1229 3812 st.

102 3840 148 3893 ent
167 3835 233 3894 dicit
252 3832 387 3896 Habacuc
406 3853 468 3916 cap.
489 3841 518 3910 1,
538 3837 565 3898 4.
595 3834 628 3896 lu
675 3855 690 3896 ι
713 3853 766 3895 cua
785 3832 841 3894 fide
860 3833 946 3895 vivet.
985 3831 1059 3894 Nam
1078 3834 1226 3912 utriunque

101 3913 153 3973 loci
177 3913 251 3972 idem
277 3920 320 3973 cet
339 3933 452 3977 aeneum
478 3916 545 3994 quia
571 3921 723 3996 postquam
743 3912 876 3974 Habacuc
895 3912 1011 3972 stultam
1029 3913 1120 3978 carnin
1138 3909 1224 3974 eond-

102 3991 311 4070 nuntiantque
340 3993 527 4073 utplurimum
555 3995 645 4055 inflati
664 4001 731 4054 eunt
750 3993 890 4071 hominen)
910 3992 1019 4065 derisit3
1042 3989 1174 4070 eo'quod
1195 3991 1223 4049 iu

102 4069 411 4140 motineaeorrotlour.
431 4071 781 4134 utriolentiuncorruantr
800 4069 1225 4149 admonetaoloafidelee‚qnoc

101 4149 217 4209 ruetinct
246 4147 366 4210 verbum
396 4148 465 4224 Dei,
494 4153 523 4210 iu
548 4157 611 4210 tuto
639 4160 671 4212 et
698 4152 789 4212 antido
809 4159 894 4211 ctare.
923 4150 966 4220 ,si
986 4149 1065 4231 prior
1082 4149 1227 4228 expositic'

102 4227 223 4308 placcat,
246 4228 403 4287 secuudum
423 4229 582 4290 membrum
601 4233 745 4311 exegetice
763 4230 890 4291 additum
910 4231 971 4301 erit,
989 4251 1033 4289 oe.
1049 4231 1224 4310 pudefacioe
1320 4286 1335 4296 ,

101 4329 143 4367 ιιι
170 4308 207 4367 od
234 4313 453 4389 exspectatione
479 4331 554 4370 oceo.
592 4305 666 4370 Nam
694 4309 793 4371 eodem
823 4309 882 4370 iere
905 4308 1062 4370 reciderent
1084 4311 1137 4368 tnta
1156 4307 1224 4381 dno,

102 4383 269 4468 Prophetam
288 4385 345 4449 Det
374 4390 464 4469 grado
493 4385 651 4452 coeundum
678 4389 740 4450 einr
768 4389 886 4452 verbnm
910 4387 1082 4450 incolumem
1101 4387 1223 4462 enveri
