2874 4888
12 4349 15 4476 Ι

12 4477 14 4584 l

186 259 241 346 120
451 337 453 344 ,
605 289 625 332 r.
653 283 892 334 uncrinus

187 367 291 480 dtitntc
313 433 393 490 mea,
417 407 748 479 &nundinentur
792 409 848 476 37.
862 387 1141 481 ''Semeneiurin‘
1154 421 1324 480 aeternum

187 517 295 598 stabit,
317 525 350 581 et
371 515 487 581 solium
508 513 576 580 eius
599 514 688 604 quasi
711 511 770 581 Sul
792 537 899 582 corum
920 539 983 583 me.
1027 515 1081 582 38.
1115 515 1205 585 Sicut
1225 515 1327 584 Lunu'

187 621 359 700 stabilietur
379 621 412 688 in
435 617 586 704 seculum,
608 629 640 688 et
660 620 748 688 testis
769 621 803 688 iu
824 619 914 690 coelo
936 621 1045 690 fidelis.
1078 619 1184 692 Selah.

268 813 317 874 31.
338 815 373 870 St
393 811 578 882 deseruerint.
607 809 751 890 Propheta
770 808 844 869 ultra
863 807 1050 890 progreditur,
1070 811 1201 890 quanwb
1220 831 1322 892 pecca·

190 897 253 954 rent
265 889 385 950 Davidis
405 892 521 968 posteri,
540 888 636 950 Deum
655 897 750 950 temen
769 891 925 969 pollicitum
946 889 1032 960 brius
1050 906 1082 950 se
1101 890 1156 950 illis
1175 890 1238 950 lore
1257 893 1322 972 pla-

189 971 324 1042 cabilem,
346 989 383 1030 ne
407 988 520 1028 summo
544 971 607 1028 iure
625 970 754 1050 erigeret
772 969 925 1030 vindictam
944 968 980 1026 dc
999 985 1099 1028 eorum
1118 974 1320 1048 transgressio·

188 1051 280 1112 nibus.
321 1047 454 1108 Ceterum
480 1069 538 1127 quo
557 1047 700 1110 ellicacior
719 1049 755 1107 sit
774 1045 1048 1128 premissiopDeum
1067 1065 1178 1126 semper
1198 1051 1322 1129 loquen-

187 1138 247 1192 tem
267 1127 383 1201 inducit,
403 1129 459 1186 nesi
479 1147 516 1188 ex
536 1129 680 1207 conceptis
700 1129 775 1207 pacti
785 1125 878 1186 verbis
893 1145 960 1186 cnm
972 1119 1007 1186 cd
1022 1131 1124 1204 ageret.
1146 1127 1321 1190 Fuitautenr

188 1209 272 1270 valde
292 1207 446 1268 necessario
467 1207 586 1266 additio:
611 1208 678 1286 qnia
702 1207 755 1265 nisi
774 1225 828 1286 pro
848 1207 984 1264 immensa
1004 1224 1056 1264 sua
1075 1205 1249 1284 indulgentia
1266 1230 1318 1270 no-

189 1289 232 1360 bis
252 1286 332 1346 Deus
352 1287 488 1364 ignoscat,
507 1293 541 1345 nt
559 1285 660 1344 lubrici
679 1303 788 1357 sumus,
807 1291 897 1364 atque
913 1285 950 1343 ad
969 1285 1119 1344 continuos
1138 1285 1233 1364 lapsus
1274 1305 1323 1345 ro.

189 1369 292 1436 clines,
321 1365 432 1424 nullum
456 1368 517 1426 eins
539 1364 687 1424 nobiscnm
707 1365 806 1424 foedus
826 1371 921 1424 ratum
940 1363 987 1422 vel
1004 1362 1120 1422 lirnium
1139 1366 1201 1424 erit.
1242 1305 1322 1442 duta

189 1466 258 1526 ergo
277 1444 391 1504 videbat
409 1443 490 1504 Deus
508 1442 569 1504 lieri
588 1443 669 1502 aliter
688 1464 746 1504 uon
765 1463 849 1524 posse
868 1443 938 1522 quin
958 1444 1063 1522 posteri
1082 1441 1210 1518 llavidiu
1230 1465 1321 1524 quau·

191 1524 256 1588 tum
275 1527 304 1584 in
324 1525 393 1602 ipsis
412 1531 481 1593 erat,
501 1541 551 1584 suo
570 1521 654 1602 culpa
673 1522 792 1582 subinde
810 1523 972 1582 exciderent
991 1541 1009 1582 a
1028 1521 1151 1596 loedere,
1174 1527 1321 1603 exceptio·

189 1625 257 1666 nem
276 1603 351 1664 banc
370 1603 484 1662 remedii
502 1603 566 1662 loeo
586 1601 701 1662 addidit.
740 1601 875 1662 Ceterum
900 1603 967 1696 quin
991 1601 1062 1669 utile
1086 1609 1130 1662 est
1148 1601 1321 1677 hominibus,

148 1717 154 1736 ι
190 1683 322 1762 castigari
342 1679 398 1740 Dei
422 1683 533 1754 ferulis,
561 1701 620 1742 nou
640 1675 785 1761 ‘promittit
805 1681 885 1740 ileos
907 1681 1101 1759 impunitatem
1127 1699 1183 1761 qun
1207 1683 1322 1744 alantur

190 1770 317 1844 peccata,
338 1759 386 1820 sed
407 1768 555 1842 paternam
575 1760 796 1822 moderationem
816 1762 844 1820 in
865 1761 972 1840 poenis,
992 1767 1025 1819 nt
1038 1761 1192 1820 vindictam
1206 1781 1321 1824 summo

191 1847 253 1904 inre
273 1862 330 1902 non
350 1842 455 1920 exigat,
474 1860 566 1920 neque
581 1843 674 1900 tauren
689 1840 800 1900 levibns
814 1839 908 1900 solnm
922 1839 1029 1898 delictis
1045 1843 1182 1918 promittit
1198 1844 1322 1914 veniam,

192 1923 242 1984 sed
263 1923 384 2002 peccatis
404 1939 519 2000 qnoque
539 1919 689 1980 erronum.
709 1918 810 1998 Neque
818 1919 893 1978 cuim
912 1924 1019 1984 temere
1038 1918 1090 1980 bas
1109 1921 1243 2000 loquendi
1262 1922 1321 1983 lor·

193 2021 254 2064 mas
276 2004 535 2080 usurpatplsegerrs
552 2002 722 2082 relinquere,
741 2001 916 2078 Profnuore
934 2007 1056 2068 statute,
1079 2001 1152 2060 Neo
1171 2003 1322 2064 ambulare

194 2091 228 2144 ios
247 2083 376 2153 indiciis,
394 2083 562 2160 Praecepto
580 2103 642 2140 non
659 2102 783 2140 seruare.
814 2077 914 2158 Neque
933 2085 1038 2138 temere
1057 2088 1323 2162 trangressionem

99 2164 107 2210 ἰ
193 2153 242 2222 nel
266 2160 412 2241 perfidiam
436 2167 466 2219 et
488 2167 673 2242 inipuitntem
696 2162 785 2238 ponit.
825 2157 902 2238 Ergo
921 2158 1067 2218 tolerantie
1087 2158 1142 2219 Dei
1161 2143 1194 2220 et'
1210 2161 1323 2230 lenitas.

75 2279 81 2296 .
194 2259 251 2321 qun
278 2239 329 2300 sibi
353 2239 517 2303 reconciliat
540 2250 668 2320 posteros
691 2238 825 2311 Doridis,
853 2256 945 2318 usqne
969 2238 1004 2298 ad
1028 2240 1191 2318 gravissima
1215 2243 1322 2302 scelere

194 2320 364 2390 extenditur.
386 2317 518 2380 Ostendit
537 2339 623 2400 porro
642 2319 798 2392 blebem,
818 2317 885 2378 dum
900 2325 1069 2399 cooptantnr
1082 2318 1323 2397 bomiuesaDeo‚

195 2421 254 2462 non
274 2399 406 2480 protinus
425 2399 530 2460 exuere
549 2415 661 2462 curnem
680 2417 763 2460 snam
781 2418 847 2458 curu
867 2399 955 2460 vitiis:
979 2397 1060 2458 sicuti
1084 2402 1225 2460 somnient
1244 2402 1322 2474 lunae

194 2482 243 2542 tici
263 2479 401 2553 homines,
420 2479 539 2538 simulac
558 2480 707 2537 inserimur
721 2480 749 2538 iu
766 2495 869 2558 corpus
880 2477 986 2536 Christi
1000 2477 1102 2538 debere
1116 2480 1222 2540 aboleri
1242 2483 1322 2566 quic·

194 2559 265 2641 qnid
284 2565 328 2620 est
346 2561 375 2618 iu
395 2559 477 2618 nobis
496 2559 681 2637 corruptelae.
703 2557 817 2618 Utinam
831 2557 945 2636 quidem
960 2577 1106 2636 ponemus
1126 2567 1241 2640 repente
1260 2581 1322 2622 mu·
1409 2561 1415 2572 '

193 2648 255 2702 tore
273 2640 433 2718 ingenium,
462 2644 495 2696 nt
513 2640 620 2717 vigeret
633 2639 673 2696 'in
697 2637 779 2698 nobis
798 2639 865 2710 ista,
895 2655 981 2714 quam
999 2639 1163 2716 requirunt,
1186 2641 1323 2720 Angelius

195 2719 345 2802 perfectio!
365 2715 423 2776 Sed
443 2719 579 2795 quonium
598 2717 698 2796 procul
717 2715 753 2776 ab
773 2734 806 2775 ea
820 2735 872 2774 nos
886 2715 990 2776 distare
1005 2719 1098 2795 pelam
1113 2726 1166 2793 est,
1186 2721 1324 2798 quamdin

137 2835 142 2856 .
195 2798 418 2860 circumferimus
436 2793 511 2855 banc
530 2815 653 2869 caruem,
673 2795 812 2856 diabolico
831 2795 882 2854 illo
901 2793 1036 2874 figmento
1046 2798 1235 2872 reluctasse,
1255 2819 1323 2860 con·

194 2879 336 2957 fugiamus
356 2894 454 2934 omnes
474 2875 509 2934 nd
530 2894 680 2936 commune
699 2876 799 2934 veniae
817 2875 938 2953 asylum.
978 2873 1051 2934 Nem
1075 2885 1151 2937 certe
1170 2878 1206 2938 de
1225 2877 1321 2940 Eccle-

193 2959 253 3016 siae
272 2973 340 3014 snae
360 2955 521 3014 domesticis
531 2953 611 3014 Deus
625 2955 761 3034 loquitur,
781 2953 950 3014 ubiveniom
969 2965 1067 3014 corum
1087 2955 1237 3018 sceleribus
1256 2976 1321 3039 pro·
1424 3001 1425 3018 .

194 3036 324 3108 mittens,
348 3051 412 3094 reos
432 3034 493 3093 lore
512 3033 673 3096 delectionis
693 3035 864 3114 pronuntiat.
902 3033 962 3094 lam
982 3035 1059 3114 quod
1078 3035 1125 3096 bic
1143 3036 1260 3110 dicitnr,
1284 3039 1322 3098 ud
1424 3039 1425 3082 ἓ

194 3121 323 3174 veterem
341 3113 481 3194 populum
500 3116 666 3202 rpstringerc
691 3133 750 3174 non
773 3113 859 3174 modo
883 3114 1021 3174 insulsum
1045 3121 1102 3188 est,
1131 3116 1181 3176 sed
1205 3137 1323 3198 prorsus
1424 3177 1425 3186 .

194 3194 323 3274 impium.
363 3190 507 3267 Primum,
520 3193 602 3263 ,illud
643 3192 700 3252 uod
719 3194 776 3252 ianr
795 3194 907 3274 saepius
926 3195 1018 3254 visum
1037 3201 1094 3266 est,
1119 3213 1172 3276 pro
1191 3196 1322 3258 conlcsso
1424 3195 1425 3224 ³

195 3293 291 3346 sumo,
322 3279 449 3334 erectum
473 3272 559 3334 iuius
583 3293 631 3335 um
653 3273 732 3334 ratile
756 3273 826 3332 illud
850 3291 983 3353 regnum,
1012 3275 1041 3334 in
1060 3294 1118 3353 quo
1138 3273 1322 3336 Mediatorem
1424 3305 1425 3324 t

194 3352 276 3412 Deus
295 3351 437 3412 Ecclesiae
456 3372 524 3412 suae
543 3360 728 3448 proponeret,
758 3352 844 3431 idque
870 3373 929 3412 uon
954 3353 1040 3414 modo
1060 3353 1196 3433 probatur
1216 3353 1324 3414 Christi
1424 3413 1425 3420 ,

191 3438 226 3494 et
234 3432 440 3511 Apostolorum
450 3434 628 3505 testimoniis,
646 3433 696 3492 ssd
715 3451 755 3499 cx*
773 3451 804 3492 rc
823 3434 884 3512 ipsa
902 3438 980 3492 certo
1000 3441 1153 3513 aperteque
1172 3435 1323 3514 colligitur.
1424 3447 1425 3452 ’

195 3509 269 3572 Nem
290 3510 405 3570 Christo
425 3519 547 3584 remoto,
566 3511 614 3571 nbi
633 3512 681 3571 illa
701 3511 766 3571 solii
784 3514 936 3572 aeternitas
954 3512 1035 3579 cuius
1053 3511 1087 3572 fit
1106 3516 1232 3574 mentio‘t
1271 3513 1324 3572 Se-
1424 3563 1425 3570 ,

141 3625 162 3667 g
195 3591 306 3652 enudus
326 3593 402 3650 enim
422 3591 542 3650 Davidis
561 3607 707 3650 successor
725 3591 849 3650 maxima
868 3591 977 3669 imperii
996 3599 1078 3672 parte
1097 3593 1248 3673 spoliatus,
1273 3595 1326 3651 vix
1424 3637 1425 3660 .

195 3670 301 3730 tribum
325 3689 412 3730 unam
437 3677 466 3730 et
490 3670 633 3734 dimidiam
657 3690 695 3730 ex
720 3669 868 3729 duodecim
887 3671 1011 3729 retinuit.
1051 3670 1111 3730 lam
1132 3679 1204 3752 quot
1224 3679 1324 3752 posted
1424 3675 1425 3728 l

195 3749 321 3810 cladibus
341 3749 466 3808 delorme
485 3749 540 3808 luit
558 3751 694 3828 exiguum
713 3748 783 3808 illud
803 3769 932 3828 regnum,
952 3749 1042 3810 donec
1060 3750 1174 3810 taudem
1194 3749 1260 3812 Rex
1278 3757 1324 3810 to·

194 3835 298 3907 tusque
318 3828 442 3907 populus
462 3847 527 3888 cnm
547 3848 658 3888 summo
678 3827 815 3887 dedecore
834 3835 863 3887 et
882 3830 1051 3888 contumelia
1066 3830 1224 3891 inexilium
1240 3830 1326 3890 tracti

195 3893 281 3968 dunt?
321 3907 422 3982 Qualis
442 3927 511 3967 vero
531 3909 595 3966 solii
614 3907 733 3987 dignitas
757 3905 825 3981 luit,
849 3927 938 3986 quum
958 3905 1022 3968 Rex
1046 3909 1178 3989 iugulatis
1202 3909 1231 3968 in
1257 3929 1325 3968 cou-

196 3993 296 4066 spectu
315 3986 394 4058 liliis,
418 3986 537 4066 capitale
557 3985 641 4046 subiit
660 3986 813 4046 indicium?
842 3992 870 4048 2.
891 3985 960 4068 ch.
979 3993 1028 4062 25,
1047 3990 1075 4050 7.
1116 3985 1204 4065 Quod
1224 3988 1326 4048 deinde

197 4067 326 4147 precario
346 4065 455 4127 ludueis
476 4067 601 4126 babitare
620 4069 649 4126 iu
669 4066 760 4146 petrin
779 4065 868 4138 licuit,
888 4065 945 4126 boo
963 4065 1018 4130 init
1036 4069 1097 4128 siue
1116 4069 1195 4146 regui
1216 4067 1326 4127 honore

193 4152 227 4205 et
246 4147 339 4206 titulo.
359 4144 668 4226 ltaqucEzccbic121‚
689 4147 736 4207 ut.
756 4152 800 4203 ter
819 4147 983 4224 pronuntiat
1002 4167 1166 4228 perversum
1186 4146 1248 4206 sore
1268 4147 1326 4206 diu·

196 4224 288 4296 derna,
308 4225 398 4284 donec
410 4227 504 4284 veniat
522 4226 603 4284 cuins
622 4227 684 4284 erit.
704 4223 841 4303 Sequitur
860 4242 938 4302 ergo,
956 4229 986 4286 in
1006 4225 1065 4286 sdln
1077 4226 1182 4286 Christi
1204 4241 1327 4306 persona

196 4304 318 4362 residere
342 4311 510 4386 perpetuum
540 4323 570 4363 re
590 4305 620 4362 ni
643 4310 757 4364 statum.
796 4301 835 4362 Et
858 4308 934 4362 certe
959 4301 1027 4380 quid
1053 4305 1099 4358 vel
1124 4305 1192 4363 olim
1217 4304 1328 4364 Indaeis

196 4385 470 4448 communelnisset
493 4405 559 4446 cum
609 4403 658 4459 eo,
686 4384 736 4450 ‚rel
759 4378 1085 4462 bodieqnoque'nnbis
1104 4387 1187 4456 esset,
1211 4378 1266 4442 uisi
1291 4383 1329 4440 ad
