2884 4886
548 203 592 286 ru
621 227 703 288 ns'a
721 187 736 288 'a
752 248 773 289 ua
810 248 868 288 (tux.
1222 247 1277 308 ute
1298 299 1300 312 ,

135 367 274 448 opponite
292 365 593 446 erumpenteque
613 367 667 450 sibi
685 359 814 430 taronem
839 370 979 450 acquiret,
1005 369 1144 432 mineriam
1165 379 1192 432 et
1212 393 1275 456 ege·

131 455 242 515 statem
262 466 343 510 suam
364 445 472 526 profert
491 447 522 506 in
541 445 681 508 medium:
708 456 739 509 et
763 450 831 532 quia
854 468 915 512 nou
930 447 1078 526 ¹sufficeret
1098 457 1215 512 esterna
1235 453 1275 512 al·

58 593 69 618 1
135 527 241 604 flictip,
270 527 325 589 uisi
349 525 461 590 sublata
485 528 562 588 omni
588 528 766 604 contumacia
787 527 911 590 deiectus
931 535 1020 602 esset,
1049 530 1154 590 ilemm
1173 531 1276 613 repetit
1357 561 1359 568 >

136 627 190 671 cor
209 625 294 676 suurn
313 605 583 682 vulneratumpsse,
608 628 668 687 quo
691 627 842 670 monemur
860 605 957 668 Deum
976 628 1035 678 non
1054 609 1116 670 aliis
1135 608 1196 672 lure
1215 629 1273 670 me·

134 687 248 780 dinone,
277 685 335 826 nieht,
351 687 401 766 qui
421 704 489 750 rere
507 685 648 763 humiliati
668 685 705 766 ad
724 707 790 766 copo
809 687 967 768 suspirant,
995 707 1049 774 nee
1068 687 1275 771 obstupescunt

134 787 167 827 m
186 785 245 834 suta
265 782 311 826 ma
332 784 354 827 a.

218 847 371 915 1181111
390 846 504 922 minu.
544 843 633 922 Duae
653 845 724 924 istae
743 837 940 928 similitudines
959 847 1120 930 aptissimae
1138 854 1218 917 snut:
1238 867 1273 909 aa

136 923 175 986 de
195 924 424 1005 primumdum
443 924 550 1006 alipaid
570 925 693 994 diximus
705 923 829 997 ¹Psalmo
850 931 918 1001 102,
939 947 1012 988 vera.
1027 931 1074 991 12.
1094 929 1201 1010 optime
1220 927 1272 992 sci·

131 1003 206 1072 ‚licet
223 1001 369 1076 huminem
388 1005 535 1080 efflictum,
555 1007 687 1086 citrensi
705 995 934 1074 semiexanimem
947 1007 1068 1068 conferri
1088 995 1203 1081 umbrae
1221 1005 1271 1068 've-

134 1083 289 1163 spurinae
329 1083 402 1158 Num
427 1085 495 1156 (blm
520 1085 565 1149 sol
584 1087 727 1163 exuritm,
748 1083 795 1148 vel
813 1086 870 1156 alte
890 1087 1007 1162 eminet,
1029 1106 1091 1162 non
1110 1094 1169 1148 tam
1188 1085 1271 1149 facile

130 1164 459 1244 puapinritunmpntinun
472 1163 643 1248 ,umbrarum
662 1161 796 1243 mirarier
822 1163 873 1234 ead
892 1165 940 1241 ubi
960 1165 996 1228 ad
1017 1181 1150 1228 oceasum
1170 1169 1271 1250 vergit,

133 1243 250 1314 nullum
278 1247 621 1324 prantp'itprnmentum
640 1265 700 1324 quo
728 1266 787 1308 uon
812 1240 914 1309 umbra
942 1251 1008 1306 ante
1025 1240 1132 1306 ‘oculos
1155 1253 1270 1306 nostros
1370 1246 1375 1262 “

130 1323 245 1387 ¹volitet.
264 1365 267 1375 ι
285 1323 383 1399 Altera
407 1325 592 1395 similitudine
614 1331 732 1389 notetur
757 1325 842 1393 etiam
868 1323 1003 1394 instabilis
1028 1325 1161 1400 conditio,
1187 1327 1270 1386 sicuti

82 1418 86 1428 '
131 1400 214 1464 enim
231 1401 361 1474 tumulae
379 1402 520 1478 hincinde
538 1403 651 1478 nabunt,
671 1405 709 1468 ita
729 1405 913 1486 conqueritur
932 1398 1027 1467 David
1046 1404 1099 1466 sibi
1118 1407 1270 1466 motorium

135 1483 224 1549 luisse
247 1484 351 1557 utam,
373 1504 464 1564 quum
489 1483 608 1547 subinde
626 1485 764 1548 insinuent
789 1491 1021 1566 persequutores,
1051 1503 1104 1548 nee
1134 1484 1223 1548 ullum
1243 1487 1270 1544 ei

134 1581 281 1630 neumaiam
299 1565 437 1642 quletum,
449 1565 653 1643 permitterent,
667 1565 745 1626 'sicut
759 1561 875 1628 Psalmo
896 1568 944 1638 11,
964 1563 1079 1626 1.'dicit
1099 1565 1187 1648 instar
1206 1583 1269 1644 pas-

132 1643 215 1714 seris,
234 1641 281 1706 oui
301 1638 600 1722 undiqueteuduutun
619 1643 714 1723 laquei
731 1642 768 1720 ab
787 1641 954 1723 aucupibus,
979 1662 1009 1728 se
1033 1649 1165 1704 coactum
1183 1643 1270 1706 luisse

133 1722 265 1801 migrare.
305 1720 339 1784 lu
361 1742 473 1794 summa
497 1730 603 1799 autem,
634 1721 763 1803 deplorat
787 1722 919 1784 miserem
943 1740 1024 1782 suam
1050 1728 1164 1798 sontem,
1191 1721 1270 1800 quud

128 1819 277 1880 nusquam
296 1807 360 1874 tuta
378 1803 415 1865 sit
434 1803 534 1882 statio:
553 1801 612 1869 imu
629 1803 728 1864 nullos
748 1799 960 1869 inlerhomines
975 1801 1100 1884 reliquus
1121 1801 1157 1862 sit
1176 1801 1268 1861 11111.

134 1877 330 1960 (intumuere
355 1884 445 1957 tutius
462 1881 604 1947 Ecclesiae
628 1881 751 1962 effigiem
775 1883 805 1942 in
829 1879 885 1942 hoc
909 1875 1024 1960 Psalmo
1050 1879 1133 1942 nobis
1156 1899 1276 1962 cepnae,

126 1967 242 2032 nentes,
265 1979 304 2032 ue
327 1963 463 2034 miremur
478 1963 511 2034 ,si
530 1981 584 2021 nus
603 1981 720 2042 quoque
740 1957 821 2022 Deus
840 1960 974 2040 exagitat,
992 1967 1022 2020 ct
1041 1961 1131 2022 multa
1151 1979 1269 2020 casuum

133 2041 273 2112 vodetulu
292 2041 375 2112 nubis
392 2050 539 2124 torperem
558 2042 679 2103 excutit:
703 2041 787 2102 sicuti
805 2037 913 2112 Paulas
934 2045 961 2102 1.
982 2037 1050 2100 Cor.
1071 2041 1101 2118 4,
1121 2043 1168 2102 11.
1189 2059 1220 2100 se
1240 2047 1270 2100 et

133 2121 206 2180 alins
234 2127 317 2180 vocat
350 2119 552 2194 ἄστατουνεας,
587 2119 665 2200 quod
700 2119 825 2200 elogium
863 2119 1041 2200 aliquatenus
1071 2121 1209 2202 competit
1237 2119 1268 2180 inl

132 2217 233 2260 omues
251 2197 307 2258 Dei
328 2199 412 2264 finos.
431 2219 432 2227 ¹

213 2277 262 2361 21.
282 2283 386 2340 Genua
408 2303 482 2340 men.
526 2277 627 2340 Potest
654 2275 712 2337 hoc
740 2277 830 2356 accipi
859 2276 940 2356 quasi
974 2277 1111 2338 moeroris
1145 2277 1268 2356 signnm,

135 2356 213 2504 aad
233 2356 533 2454 Davitd31ieetvictris
553 2362 730 2454 suppeteret,
755 2356 908 2496 contegent
931 2355 1268 2496 11ωὲἘιοοιῖοΙυέῑῖτίῗ

123 2444 1141 2655 11111111111111111111111
1161 2455 1266 2576 suti,

117 2595 253 2676 osipus
272 2617 335 2657 esse
354 2599 499 2671 alimenta,
518 2597 670 2658 sicntivrta
684 2597 745 2675 ipso
767 2595 848 2668 acdio
867 2602 918 2655 est.
949 2593 982 2674 Si
1002 2595 1066 2674 qnia
1085 2594 1121 2654 od
1139 2594 1267 2674 inopiani
1320 2633 1323 2644 ι

132 2676 237 2736 reteri-e
256 2677 345 2751 malit,
365 2679 432 2758 quia
452 2677 546 2738 David
566 2675 634 2736 dom
654 2677 799 2736 saevitiam
823 2675 914 2736 hostis
936 2673 1060 2754 lugiens,
1083 2693 1116 2734 aa
1140 2671 1266 2734 abditin

132 2775 269 2822 curemus
293 2758 430 2828 terarum,
455 2757 575 2822 nuttam
599 2756 745 2838 penuriam
764 2761 793 2816 at
818 2755 938 2832 esuriem
959 2773 1060 2836 pasena
1079 2759 1134 2815 est:
1153 2753 1267 2816 fruatur
1308 2751 1310 2764 ’

100 2875 103 2883 =
131 2835 182 2896 ille
203 2855 258 2896 auo
281 2855 376 2897 sensu.
416 2836 486 2902 lilibi
510 2845 606 2896 tamen
626 2835 739 2896 videtur
761 2833 818 2895 hoe
838 2837 919 2973 elfino
938 2835 1135 2916 gravissimum
1155 2831 1266 2894 luctum
1311 2871 1314 2878 ,

131 2922 244 2976 notare:
265 2918 540 2996 quiamortemanle
560 2915 659 2975 oculos
679 2933 808 2990 cernens,
827 2913 861 2974 ab
885 2917 1005 2976 orruerit
1023 2931 1041 2973 a
1061 2911 1124 2997 ribo
1144 2919 1264 2994 elpotu.

7 3023 8 3026 ¹
131 2993 241 3059 Eodem
261 3003 370 3076 spectat
389 2995 467 3075 quod
487 2997 617 3076 proxime
635 2996 772 3074 sequitur,
793 3019 914 3058 comem
932 3002 1084 3058 enuntiare
1102 3017 1122 3053 a
1136 3001 1264 3076 pingue·

132 3079 215 3138 diue:
231 3079 302 3154 ‚qma
322 3074 436 3154 spiritua
456 3077 543 3136 tristis
562 3075 687 3136 exsiccat
706 3093 779 3148 ossa,
800 3073 934 3136 Proverb.
956 3077 1005 3150 17,
1024 3079 1072 3136 22.
1112 3072 1166 3136 Pin
1224 3073 1263 3138 dt·

102 3196 105 3217 .
131 3174 199 3222 nem
222 3156 353 3224 nonnulli
376 3163 525 3236 exponunt
549 3153 584 3214 de
603 3155 732 3214 lautitiis:
754 3155 840 3248 pansi
859 3154 986 3228 diceret,
1010 3173 1041 3213 se
1061 3155 1141 3224 omui
1160 3095 1265 3218 deien-

131 3235 205 3296 tiore
224 3235 303 3295 victu
326 3233 415 3304 luisse
442 3235 592 3314 privatum.
633 3231 796 3314 Simplicior
821 3239 915 3295 tamen
940 3251 1092 3294 senenses
1142 3235 1264 3294 maciem

28 3325 38 3349 ⁸
81 3345 85 3374 t
121 3316 308 3380 ‚contraxisse
325 3333 370 3374 ex
395 3313 494 3375 dolere
518 3308 547 3374 et
570 3312 676 3374 inedia:
701 3314 769 3393 quia
793 3331 895 3372 succus
919 3311 1060 3372 deiiceret.
1129 3319 1196 3407 eget
1216 3313 1264 3371 in·

133 3393 298 3474 dignitatum
316 3393 372 3466 ulia
391 3395 611 3467 circumstantia,
630 3391 708 3473 quod
723 3391 848 3454 ludibrio
866 3399 906 3451 ait
916 3393 1056 3465 omnib-are,
1075 3393 1159 3451 sicuti
1178 3392 1264 3450 eliam

526 3477 564 3514 oo
693 3473 699 3486 ·
961 3493 965 3506 ·
1150 3470 1166 3484 ··
1244 3469 1252 3486 ·

131 3465 1263 3631 11111111111111111111

133 3633 187 3692 tire
206 3633 235 3695 iu
255 3651 308 3697 aua
326 3635 419 3712 capita
438 3633 574 3699 converti
645 3631 693 3706 icit
711 3630 787 3692 anim
800 3625 863 3694 Lex
881 3628 1132 3710 contemptoribus,
1151 3625 1214 3688 Eris
1232 3627 1264 3688 in

62 3719 65 3733 ·
117 3710 320 3791 ,opprobrium
339 3719 369 3775 et
389 3713 602 3786 concussionem
623 3730 655 3772 ea
676 3711 736 3785 itis,
760 3705 848 3770 Dent.
869 3711 918 3784 28,
937 3711 985 3772 37.
1025 3709 1121 3789 Atque
1141 3705 1197 3768 hoc
1216 3727 1263 3786 ge·
1306 3715 1338 3762 “.

129 3791 382 3856 concertationis
406 3791 551 3869 impetitus
575 3789 629 3852 luit
648 3732 756 3854 band:
780 3809 835 3850 nec
858 3795 970 3862 tantum
994 3807 1025 3870 ae
1050 3808 1104 3873 pro
1128 3788 1263 3847 damnato

129 3867 259 3933 babilam
279 3869 367 3931 luisse
386 3867 462 3944 dicii,
481 3871 531 3932 sed
550 3872 635 3932 etiam
654 3869 814 3951 petulanter
832 3867 965 3942 densum,
988 3888 1047 3948 uon
1067 3869 1128 3950 sine
1147 3865 1263 3944 obliqua
1284 3943 1288 3952 Ι

132 3945 189 4010 Dei
208 3949 441 4011 subsanuatione:
461 3949 543 4010 sicuti
562 3951 678 4029 solenne
697 3957 742 4010 est
759 3949 862 4029 impiis,
882 3947 1113 4030 dumpraetextu
1131 3947 1263 4006 alilictio·

129 4048 201 4088 num
220 4036 383 4090 nostrarum
403 4028 500 4090 cristas
530 4031 649 4110 erigunt,
669 4025 756 4091 fidem
775 4027 862 4090 simul
875 4034 1001 4090 nostram
1020 4033 1050 4090 et
1068 4023 1201 4110 pictatem
1220 4025 1261 4116 in·

127 4125 253 4172 cessere:
273 4111 342 4188 quia
361 4107 442 4169 Deua
461 4109 569 4170 miseris
587 4129 645 4170 non
665 4109 813 4170 succurrit.

210 4190 259 4250 26.
279 4191 401 4251 Adiuro
420 4211 474 4262 sne.
513 4185 708 4250 precationem
728 4207 809 4248 suam
828 4188 913 4248 iterat
931 4183 1085 4268 Propheta,
1110 4183 1194 4244 siculi
1213 4175 1262 4244 11-

129 4285 211 4326 cesse
227 4273 271 4328 est
290 4286 326 4328 eo
346 4269 454 4333 maiore
473 4268 567 4328 studio
587 4265 759 4328 contendere
778 4274 806 4328 et
826 4268 905 4342 eniti,
930 4287 989 4363 quo
1009 4263 1136 4350 pluribus
1156 4263 1262 4339 machi·

49 4427 53 4434 ἢ
129 4347 174 4408 nis
194 4365 248 4409 noa
268 4354 416 4435 oppugnat
435 4345 531 4408 Satan.
562 4343 702 4441 Quamvis
721 4346 798 4410 anim
817 4365 944 4428 persuasu
963 4348 1051 4430 simus
1066 4341 1162 4406 Deum
1180 4343 1263 4406 nobis
