2862 4888
489 303 858 345 rsuseusruxrmx.
1205 307 1241 362 65
1342 301 1344 308 '
1403 293 1404 302 ἵ

101 383 278 488 insalutem
296 399 428 486 iideiidue
446 413 588 488 convertit
606 425 686 508 qnod
709 425 876 488 naturaliter
898 427 1009 508 signum
1028 428 1088 490 irae
1106 435 1176 491 eret.
1196 429 1241 492 Ao

102 506 223 566 omnino
243 505 281 566 de
299 505 432 587 sepulcro
451 507 530 586 quod
550 505 585 566 do
604 512 698 568 morte
717 506 866 568 dimndum
880 514 934 582 est,
952 509 1096 590 continget
1115 511 1240 591 optimos

102 605 141 664 qu
218 603 236 644 e
254 583 314 646 Dei
336 604 437 646 servos
461 585 600 648 violenter
623 585 728 648 occidi:
754 605 841 666 quarn
866 605 988 668 poenum
1006 589 1191 670 sanguinariis
1209 595 1240 649 et

102 666 164 724 diis
240 663 249 680 ⁸
274 662 519 748 contemptoribus
544 665 651 726 scimrm
679 684 764 747 saepe
788 667 885 746 infligi.
924 663 1025 746 Neque
1054 675 1151 730 temen
1174 667 1239 728 ideo

102 763 182 803 mors
200 750 379 822 unctorum,
398 745 523 825 pretiose
541 745 573 804 in
591 751 747 827 conspectu
767 741 904 808 Deierse
927 745 1042 807 desinite
1061 747 1112 810 sed
1130 747 1179 808 ubi
1197 749 1239 810 in·

100 825 176 882 inste
193 825 226 884 in
246 842 332 885 cume
350 823 473 906 opprimi
495 825 594 904 pas'sus
613 831 666 898 est,
690 825 813 886 vindicta
833 824 956 885 ostendit
980 844 1068 905 quem
1096 826 1149 888 sibi
1180 829 1238 888 ceri

100 902 218 963 inerint
259 903 311 964 Sic
330 910 364 966 ut
381 905 442 964 iree
459 921 528 963 suae
548 909 632 964 notae
650 902 735 965 etiam
755 909 820 986 poet
840 909 962 966 mortem
980 905 1123 987 imcuipat
1140 926 1237 988 repro·
1327 951 1332 962 .
1405 909 1406 918 ’

101 981 155 1056 bis,
176 983 274 1064 privat
291 1001 342 1044 eos
361 983 506 1064 sepulcro:
530 988 561 1044 et
583 983 648 1044 ideo
671 985 762 1064 impio
780 981 852 1064 Regi
876 983 1001 1045 minetur
1024 986 1096 1054 asini
1114 987 1238 1066 sepultu-

99 1081 174 1136 ram,
193 1061 296 1124 lerem.
316 1066 366 1136 22,
385 1065 434 1125 19.
463 1059 524 1124 Sed
542 1082 632 1142 quum
652 1082 720 1123 suos
740 1066 859 1144 exponit
877 1064 962 1123 simili
981 1063 1098 1144 probro,
1115 1064 1180 1124 licet
1200 1065 1238 1126 ed

101 1147 219 1221 ternpus
239 1141 372 1202 credatur
390 1161 441 1202 eos
456 1140 593 1217 ducrere,
612 1141 667 1202 iilis
685 1149 784 1238 postea
803 1143 833 1202 iu
853 1143 1046 1204 adiumentum
1055 1144 1152 1204 salotis
1171 1163 1237 1208 con.

99 1225 201 1282 vertit:
222 1223 291 1302 quis
310 1222 382 1282 tides
400 1241 500 1282 eornm
519 1221 575 1282 mc
593 1227 749 1282 tentatione
768 1220 887 1302 probru
911 1241 1016 1282 norum
1040 1211 1166 1304 palmari
1185 1223 1239 1284 sibi

100 1302 236 1380 acquirit.
277 1299 350 1362 Num
397 1301 453 1362 uod
478 1301 547 1362 olim
570 1307 700 1362 mortuos
724 1301 880 1382 ungebant,
905 1303 1017 1364 nonnisi
1040 1301 1077 1362 ed
1101 1305 1184 1362 viros
1208 1293 1239 1364 st

101 1383 271 1476 superstites
289 1387 386 1462 specta
407 1387 436 1442 at
453 1379 527 1442 boec
545 1381 713 1454 ceremonia,
734 1387 766 1440 nt
781 1387 927 1441 cernentes
941 1399 1046 1463 corpus
1064 1383 1096 1441 in
1110 1381 1239 1442 emtod'm

102 1478 220 1600 fist?
237 1457 784 1622 iiddiiiiiiffiduiiii‘
793 1458 1240 1604 didimi-‘iffi

102 1619 318 1694 mundum,
334 1626 372 1681 'nt
390 1621 426 1680 od
446 1621 557 1681 bertam
577 1620 819 1682 immortalitatem
837 1626 999 1702 properent.

181 1699 212 1762 4.
231 1703 375 1762 ΡιιίιιιιιόΙ
510 1709 575 1761 'riou
605 1698 670 1761 Alia
689 1699 882 1780 expostuletio
901 1699 939 1761 ad
958 1699 1169 1780 provocandum
1182 1696 1240 1762 Dei

103 1779 336 1840 misericordiam
404 1799 450 1841 em
475 1800 535 1861 quo
560 1777 709 1858 superbius
734 1778 872 1841 insultent
895 1773 978 1840 u'obia
1003 1781 1094 1878 impii,
1118 1800 1154 1841 oo
1173 1801 1239 1862 pro·

104 1860 167 1939 pior
186 1859 391 1942 redemptionis
401 1877 466 1941 spcs
475 1857 605 1940 effulget:
625 1859 692 1940 quia
711 1858 902 1920 minimeDso
915 1858 1068 1920 tolerabilis
1076 1866 1121 1920 cst
1139 1879 1240 1922 eorum

104 1938 271 2076 petulantie,
300 1939 369 2000 dum
399 1944 457 1998 tarn
477 1939 624 2014 licentiose
642 1937 769 2014 effertur,
794 1941 946 2035 praecipue
969 1959 1058 2020 quum
1077 1940 1107 1999 in
1126 1958 1241 2002 sacrum

133 2019 287 2081 einomeu
300 2017 438 2080 redundet
448 2018 632 2080 contumelia:
652 2017 735 2078 sicuti
744 2016 820 2099 apud
829 2016 946 2080 lesenm
962 2018 1031 2078 dicit
1050 2037 1111 2099 cop.
1131 2019 1180 2094 37,
1191 2024 1239 2082 22.

105 2095 202 2174 Quem
220 2097 417 2160 subsannant?
435 2105 464 2160 et
483 2117 570 2180 super
588 2117 674 2180 quem
693 2099 901 2158 concutiuntco
922 2104 963 2172 nt,
983 2099 1063 2180 virgo
1082 2098 1240 2160 filiaSion?

104 2175 141 2236 Et
165 2185 246 2239 certe
271 2177 357 2240 ricini
381 2177 431 2258 qni
456 2181 559 2258 purtim
584 2183 846 2260 apostotorum,
871 2119 921 2238 rei
938 2177 1089 2262 degeneres
1107 2175 1241 2243 Abnhrs

103 2257 163 2332 iiiii,
188 2259 296 2339 purtim
321 2277 390 2318 vero
415 2258 534 2338 professi
558 2259 702 2338 religionis
720 2256 832 2330 hostes,
855 2257 991 2318 miserum
1020 2257 1159 2338 populum
1189 2277 1240 2332 rp-

73 2405 74 2411 ¹
103 2337 269 2398 nendonon
289 2335 467 2398 abummrnt
485 2355 504 2397 e
523 2336 712 2418 blasphemiis.
732 2334 831 2415 Quem
850 2338 971 2396 sciemus
991 2357 1049 2397 non
1068 2337 1104 2397 de
1123 2339 1240 2420 privatis

103 2417 231 2478 ludibriis
250 2417 298 2478 hic
317 2419 454 2497 conqueri
474 2415 580 2492 fideles,
600 2416 651 2478 red
671 2435 745 2514 qnae
765 2415 900 2477 ridebant
919 2414 1034 2496 oblique
1052 2417 1082 2476 in
1092 2413 1189 2480 Deum
1207 2423 1253 2496 et,

103 2494 209 2580 legem
228 2497 291 2560 eius
310 2497 438 2579 congeri,
455 2497 539 2558 sicuti
557 2515 657 2559 rursus
680 2517 710 2557 ιιι
730 2494 787 2556 tine
806 2493 912 2558 Psalmi
932 2495 1096 2558 videbimus.

190 2689 222 2758 5.
245 2689 424 2780 Quousque
445 2687 562 2759 lehora
584 2687 724 2756 irasceris
745 2687 779 2754 in
806 2687 1016 2778 perpetuum?
1047 2686 1168 2754 ardebit
1189 2710 1241 2756 ve·

101 2795 148 2863 lut
169 2795 252 2888 ignis
278 2795 366 2864 zelus
387 2796 483 2863 tuus?
515 2795 546 2862 6.
568 2791 704 2863 Effunde
725 2791 805 2860 irem
820 2793 914 2862 'tunm
930 2801 1145 2884 supergentes
1157 2801 1239 2885 quu'e

102 2911 133 2968 te
156 2924 225 2968 nou
247 2911 416 2984 noverunt,
442 2911 476 2970 et
501 2923 597 2992 super
623 2923 722 2992 regna
746 2921 828 2990 quoe
855 2921 973 2966 nornen
994 2908 1087 2966 tuum
1108 2922 1174 2968 uon
1195 2900 1240 2968 in·

102 3019 234 3076 vocent:
279 3007 310 3076 7.
333 3005 415 3094 Quin
442 3017 594 3075 rorarunt
615 3005 717 3089 Iacob,
746 3015 779 3074 et
805 3005 1031 3074 habitationem
1052 3006 1121 3073 eius
1142 3017 1258 3086 veste,

101 3124 186 3180 runt.
231 3113 263 3181 8.
285 3112 336 3182 Ne
357 3112 528 3183 recorderis
550 3135 622 3204 erga
638 3133 699 3179 nos
720 3110 919 3202 iniquitatum
941 3112 1097 3204 priorum:
1120 3113 1241 3196 festino,

101 3221 307 3309 praeveniant
335 3242 396 3288 uos
422 3217 652 3288 misericordiae
674 3227 757 3302 tuoe,
784 3217 858 3310 quis
879 3217 983 3285 afflicti
1004 3241 1116 3287 sumus
1137 3219 1240 3288 valde.

102 3325 134 3394 9.
156 3324 315 3394 succurre
337 3326 430 3394 nobis
448 3325 537 3393 Deus
559 3323 668 3392 salutis
689 3333 816 3400 nostroe
837 3334 968 3416 propter
988 3323 1119 3415 gloriam
1142 3327 1241 3394 norni-

104 3431 152 3498 nis
161 3431 222 3516 tui,
244 3443 278 3500 et
297 3431 394 3502 libera
406 3453 476 3517 nos,
497 3441 530 3499 et
551 3429 705 3524 propitius
727 3439 797 3499 esto
814 3428 949 3522 peccatis
970 3430 1087 3500 nostris
1109 3442 1240 3526 propter
1259 3515 1273 3526 ὀ

103 3563 223 3608 nomen
245 3549 346 3648 tqqm.
1220 3537 1225 3558 ¹

181 3687 212 3750 5.
244 3691 292 3762 Qu
431 3685 550 3744 tetam.
588 3679 648 3778 iam
678 3679 745 3776 olibi
774 3679 925 3778 admonui,
955 3677 1025 3742 duas
1055 3682 1123 3743 istus
1152 3699 1238 3742 voces

102 3753 1105 3922 istitutttttutt.ttrtttttt‘itttt‘ttttt
1122 3759 1238 3900 titt

102 3931 263 4006 posterum:
285 3925 369 3984 sicuti
388 3921 488 3984 latine
508 3921 628 3982 dicimus
638 3918 799 4000 Quousque
819 3921 952 3983 tandem?
972 3921 1140 4000 Colligimus
1159 3938 1237 4000 ergo,

103 4025 160 4065 oon
179 4005 276 4100 primo
296 4003 343 4064 rei
363 4003 488 4098 secundo
507 4019 605 4096 menso
622 4018 745 4141 Ἢιιο
769 3998 858 4140 effligti
873 4001 970 4140 οιὲιιρίι
991 3999 1128 4140 quqqqscip
1143 3998 1238 4142 pipscetpt

102 4079 374 4226 :dearmatum
391 4099 708 4248 {ffiffliicmddeieq
728 4099 841 4220 diffisi
856 4099 938 4220 irotlg
954 4101 1029 4234 133¹,
1049 4165 1129 4220 tento
1148 4161 1236 4219 maio·

101 4263 162 4304 rum
183 4243 319 4324 congerie
339 4240 483 4315 secordi,
507 4259 573 4300 num
593 4259 682 4321 quom
703 4239 830 4321 persuasi
855 4241 912 4300 sint
930 4239 1000 4300 nihil
1020 4259 1104 4319 posse
1124 4239 1236 4324 impios,

102 4323 236 4404 quicquid
257 4321 463 4397 mechineutnr,
488 4320 540 4380 nisi
567 4327 706 4414 quantum
727 4319 808 4380 Deus
830 4319 1002 4414 permiserit:
1027 4337 1064 4380 ex
1083 4317 1140 4380 hoe
1159 4321 1235 4401 priu-

101 4403 514 4544 eippuippiqeppptpoqiuqnqtlnr‚
540 4396 587 4458 ubr
608 4405 717 4462 tantum
742 4399 873 4462 licentius
892 4399 1022 4542 opocedit
1041 4399 1166 4482 profanis
1185 4399 1235 4460 ho·
