2862 4888
470 279 512 318 rs
544 279 700 320 crunni.
729 279 832 320 cxxxi.
906 315 908 328 ,
1183 281 1220 342 75,
1274 261 1283 276 ”

93 425 145 464 non
163 404 367 464 recedemru'n
385 411 421 468 te.
462 401 634 481 Quanquuur
655 404 696 458 sic
716 403 829 460 conteni
851 405 944 481 potest
963 399 1009 460 hic
1028 420 1137 476 versus,
1157 401 1215 462 tto·

93 485 160 542 mine
175 483 266 542 etiarn
288 483 314 540 in
334 481 418 542 rebus
438 481 540 542 nostris
560 479 712 562 deploratis
732 480 908 542 monebimus
927 480 980 541 sub
999 487 1051 542 tno
1071 481 1218 563 obsequio,

93 581 176 642 neque
195 561 339 621 motorum
360 558 496 622 auertitur
516 559 552 620 od
578 559 764 625 delectionem
788 579 841 620 nus
865 561 1001 641 impellet
1039 559 1217 622 Tne'uuteur
1257 623 1261 630 ,

93 644 172 721 gratu
192 647 221 700 ct
233 644 340 700 virtute
358 641 491 713 restituti,
511 639 715 702 celebrabimus
730 659 834 701 nomen
850 646 940 700 tuum.
961 638 1006 700 Dc
1021 640 1121 700 ultimo
1133 661 1216 702 versu

93 740 169 800 quem
189 723 279 780 tertio
296 720 423 782 nunni
438 717 594 808 proptera,
613 738 822 801 supervacuum
841 725 917 780 esset
935 720 1017 800 pluro
1037 721 1138 780 dicere.

388 1073 911 1179 esnnnusnxnxr.
978 1015 981 1034 ¹
1104 1107 1106 1111 ,

94 1277 149 1316 Asc.
161 1277 226 1318 Due
239 1279 292 1316 suar
305 1274 371 1316 hies
383 1273 471 1318 Perit-r
479 1281 571 1330 partes,
588 1287 637 1316 m
649 1273 748 1332 quisquis
754 1275 830 1332 suerit
847 1280 938 1330 auctor,
952 1273 1056 1332 populun
1073 1273 1176 1318 dorium
1193 1283 1218 1319 nt

163 1345 285 1400 alapres
306 1347 350 1386 Dei
370 1358 445 1415 aq,
462 1351 484 1388 et
503 1345 526 1386 in
550 1358 639 1398 region
655 1345 793 1388 suendotuie
811 1359 837 1388 ue
851 1345 982 1400 peculiare·
994 1345 1118 1388 Eceieer'un
1130 1346 1219 1402 eiectum

162 1415 331 1459 warranti·
348 1415 412 1456 tutu
428 1415 519 1470 grutae
536 1428 626 1471 arnor,
643 1415 795 1470 redemptorem
811 1429 873 1458 nnn
891 1421 935 1456 turs
953 1415 1054 1458 lustru
1066 1430 1129 1474 pm
1141 1424 1220 1459 suctu

161 1487 207 1528 tiu
215 1485 257 1540 pie
269 1485 339 1528 coint.
358 1483 441 1528 Deinde
453 1486 552 1540 sequitur·
564 1485 706 1540 equitatio
719 1485 887 1540 ingratitudinis
900 1485 923 1528 in
938 1487 979 1528 Dei
987 1499 1092 1542 puoso,
1105 1487 1163 1542 quod
1174 1488 1219 1529 sei·

163 1556 212 1600 uret
230 1555 312 1598 itate
328 1562 351 1599 ct
370 1557 459 1598 conitor
475 1555 578 1610 populu
593 1557 648 1598 tm
665 1553 696 1598 od
710 1569 735 1597 ee
750 1555 857 1612 emm,
876 1556 932 1599 sitii
944 1557 1066 1612 profecerit
1078 1557 1130 1614 putu
1145 1558 1219 1612 iugo·

162 1627 228 1681 tagis
237 1627 388 1682 pervicaciter
401 1631 517 1680 raperet.
633 1658 634 1664 ,

135 1770 160 1834 1.
181 1767 346 1834 Praefecto
373 1788 469 1857 super
490 1763 611 1834 Githith
632 1764 750 1856 Asoph.
764 1710 776 1727 '¹
795 1765 828 1834 2.
857 1764 1022 1836 Exsultutc
1043 1767 1115 1838 Deo
1137 1767 1211 1836 lorti

97 1873 183 1938 tudini
205 1881 343 1954 nostrae,
364 1869 490 1939 iubilate
501 1870 692 1940 Deolscob:
719 1872 750 1938 3.
774 1871 897 1940 Sumite
920 1873 1076 1942 urnticum
1099 1885 1131 1942 et
1150 1899 1221 1965 pro
1332 1945 1335 1958 ,

99 1977 162 2046 lette
183 1989 385 2069 tympanum,
407 1975 557 2046 citharam
577 1978 805 2046 iucunditetum
828 2003 901 2046 cum
923 1979 1033 2050 nnblor
1076 1977 1108 2048 4.
1131 1979 1220 2048 Clan-

99 2083 149 2174 gite
172 2083 292 2152 uuum
318 2084 352 2150 in
381 2083 559 2164 novilunio,
591 2095 736 2175 tempore
763 2095 880 2152 statuto
908 2086 948 2152 sd
975 2086 1059 2154 diem
1081 2085 1219 2155 sacrificii
1269 2093 1275 2106 ’

67 2229 72 2236 -
100 2187 197 2254 nostri:
240 2189 276 2254 5.
311 2190 393 2275 Quia
421 2200 572 2258 statutum
600 2190 705 2258 Israeli
731 2189 808 2278 hoc,
841 2191 990 2258 iudicium
1017 2191 1089 2260 Deo
1116 2193 1220 2260 locnb.

100 2293 125 2362 6.
152 2295 389 2371 Testimonium
415 2297 449 2364 in
476 2295 592 2386 loseph
618 2295 726 2387 posuit
758 2295 836 2380 hoc,
868 2321 969 2386 quum
995 2321 1139 2390 egressus
1172 2309 1222 2368 est

102 2424 180 2492 snper
195 2413 314 2469 tertam
325 2399 474 2493 Aegypti:
495 2401 612 2469 labium
630 2395 717 2493 quod
730 2401 909 2470 nesciebam
925 2403 1039 2472 audiri.
1062 2403 1094 2470 7.
1104 2405 1221 2472 Amovi

102 2508 132 2571 ub
160 2531 255 2580 onere
292 2507 461 2575 humerum
494 2509 576 2575 eius:
608 2531 722 2575 munus
755 2509 824 2576 eius
853 2509 891 2574 ab
920 2509 990 2576 ollis
1016 2522 1221 2578 recesserunt.

101 2615 126 2678 8.
144 2613 175 2679 ln
192 2611 396 2684 tribulatione
412 2612 559 2698 clamasti,
581 2625 614 2684 ct
630 2613 728 2706 eripui
745 2625 786 2698 te,
808 2615 957 2704 respondi
979 2615 1035 2682 tibi
1052 2616 1220 2685 inocculto
1318 2604 1321 2618 ’
1396 2601 1397 2666 Ῑ

101 2719 227 2786 tonitrui:
250 2720 386 2810 probavi
407 2729 441 2787 te
462 2743 557 2812 super
578 2743 676 2811 squas
698 2720 826 2790 Meritis.
860 2720 967 2790 Sel'nh.

167 2869 193 2926 2.
221 2867 384 2926 Eaenrttute
402 2861 477 2926 Dio.
516 2863 603 2926 Hunc
622 2853 768 2926 Psslmunr
823 2864 933 2926 obubilc
953 2873 997 2926 est
1016 2867 1094 2928 iestis
1114 2865 1221 2943 diebus,

102 2940 192 3020 quibus
213 2945 350 3004 solennes
375 2964 443 3004 suos
469 2951 627 3010 conventus
652 2945 773 3026 egebunt
811 2947 907 3018 ueloci,
936 2945 1023 3008 luisse
1042 2947 1221 3008 destinatum.

102 3019 165 3081 Nam
187 3041 203 3082 u
226 3025 370 3104 principio
395 3025 517 3084 ostendit
540 3045 599 3086 uou
624 3024 711 3086 tuisse
735 3023 864 3086 ordinem
889 3027 969 3086 illurn
990 3027 1123 3088 divinitus
1143 3048 1221 3088 man·

102 3101 201 3176 datum,
221 3111 258 3164 ut
276 3105 353 3162 surdi
374 3109 403 3166 et
421 3106 492 3164 muti
514 3105 549 3164 ud
571 3103 783 3188 toliernoentnm
804 3113 910 3182 sterent
929 3107 1009 3186 (quin
1029 3104 1108 3166 Deus
1130 3128 1222 3188 neque

102 3183 152 3238 otio
175 3201 270 3262 nequo
295 3184 402 3262 frigidis
427 3204 461 3244 ac
484 3184 614 3244 inanibus
640 3187 806 3246 ceremoniis
830 3181 949 3264 colitur)
979 3185 1029 3246 sed
1059 3193 1092 3246 ut
1121 3188 1222 3248 talibus

103 3263 229 3320 exercitiis
251 3261 317 3322 fidei
338 3265 472 3324 unitatem
492 3265 566 3324 inter
584 3284 616 3326 se
634 3265 779 3340 foverent,
803 3265 1006 3346 profiterentur
1031 3285 1112 3326 suom
1136 3269 1221 3348 pieto-

103 3345 166 3414 tem,
193 3348 222 3400 ct
248 3359 279 3400 sc
306 3344 461 3402 animarent
484 3343 520 3404 od
543 3345 694 3406 continuos
713 3345 773 3404 cius
794 3363 975 3425 progressus,
1003 3365 1111 3425 suaque
1130 3347 1223 3408 studio

104 3421 296 3500 coniungerent
315 3423 350 3482 od
371 3423 544 3484 laudandum
564 3421 672 3484 Deum:
704 3424 826 3504 denique
845 3431 878 3484 ut
897 3426 927 3484 iu
946 3444 1026 3486 suom
1046 3425 1159 3486 foedere
1178 3447 1222 3487 re-

41 3552 45 3566 ,
106 3499 264 3572 tuerentur,
295 3522 353 3581 quo
379 3503 430 3561 sibi
451 3501 530 3562 Deus
556 3523 606 3564 cus
630 3503 824 3586 adoptaverat.
865 3501 963 3581 Quum
984 3525 1051 3566 vero
1072 3505 1118 3565 hic
1138 3507 1224 3568 luerit

106 3577 202 3638 dierum
221 3579 360 3640 festorum
379 3601 447 3644 usus
466 3583 519 3642 snb
538 3581 628 3662 Lege,
648 3585 782 3664 colligere
800 3584 886 3643 etiam
905 3583 987 3657 licet,
1007 3586 1118 3666 quotics
1138 3583 1223 3646 hodie

106 3659 398 3733 convertuntuntur,
418 3660 519 3720 debere
538 3663 624 3723 tinem
644 3661 722 3724 hunc
740 3681 804 3723 esse
822 3665 1015 3743 propositum,
1038 3671 1073 3724 ut
1092 3683 1123 3726 se
1142 3685 1221 3725 exer·

107 3745 178 3796 ceant
191 3741 219 3798 iu
231 3755 297 3799 vern
313 3741 426 3819 pietate,
445 3741 502 3802 Dei
522 3742 655 3802 beneficis
675 3745 704 3802 iu
724 3745 891 3804 memoriam
910 3751 1053 3816 revocent,
1073 3743 1222 3824 proliciunt

107 3815 131 3872 iu
148 3822 204 3876 eins
224 3817 328 3890 verbo,
353 3819 474 3902 iideique
491 3841 561 3880 struo
581 3841 749 3884 consensum
769 3829 916 3882 testentur.
956 3822 1075 3883 Frivolis
1094 3825 1171 3884 enirn
1190 3843 1224 3886 se

109 3895 241 3956 inutilibus
261 3901 427 3975 ceremoniis
446 3901 550 3960 ludunt
569 3901 697 3961 lronrines
717 3921 783 3961 cunr
797 3901 872 3974 Deo,
891 3903 944 3962 nisi
964 3903 993 3962 in
1013 3903 1111 3983 primis
1129 3905 1224 3986 vigent
1265 3924 1269 3930 ·

109 3973 225 4037 doctriua
242 3977 325 4054 fidei,
370 3999 423 4042 oue
446 3979 482 4038 nd
507 3982 714 4042 invocationem
734 4001 784 4042 eos
803 3983 912 4044 incitet:
942 3983 996 4042 nisi
1015 3983 1099 4042 etiem
1119 3981 1222 4044 beneti-

110 4055 207 4116 tioruus
225 3999 383 4122 recordatio
401 4069 534 4139 suggerat
552 4059 668 4120 laudum
689 4063 850 4124 nroteriam:
879 4063 938 4122 imo
966 4083 1042 4122 meru
1061 4070 1108 4124 est
1126 4065 1222 4144 prole·

110 4136 177 4192 natio
189 4135 382 4211 nominisDei‚
402 4137 470 4198 duur
483 4138 608 4199 extinctu
624 4139 767 4202 doctrinae
782 4143 855 4216 tuce,
875 4155 993 4202 externo
1012 4149 1123 4204 tuntum
1143 4145 1239 4208 cultu

111 4209 259 4296 defungitur
278 4217 410 4298 populns.
431 4217 497 4278 ldeo
509 4217 652 4300 Propheta
672 4241 731 4288 uon
750 4222 842 4282 solum
863 4219 960 4282 fideles
980 4221 1058 4282 iubet
1076 4223 1113 4282 ud
1131 4223 1224 4286 taber
1333 4271 1340 4282 .

112 4293 233 4356 nrrnm
251 4291 428 4372 concurrere}
447 4297 497 4359 sed
517 4299 552 4358 de
571 4299 628 4358 tine
649 4321 763 4381 quoque
782 4301 925 4373 admonet,
946 4309 977 4360 ut
996 4303 1053 4362 illic
1073 4313 1226 4366 renovetur
1271 4375 1275 4383 .

114 4376 234 4466 uenerit
252 4378 366 4458 gratuiti
385 4376 532 4454 rouen.
545 4380 620 4442 unde
645 4387 778 4462 augescat
802 4379 872 4442 fides
897 4399 998 4444 eorum
1016 4387 1046 4446 et
1065 4384 1169 4465 pictos,
1193 4393 1225 4446 ut
