2890 4886
533 251 852 334 reseremus
899 347 905 362 ι
1176 295 1255 352 ,273

116 435 172 478 nec
191 413 346 478 immodico
364 413 459 476 urnis
478 413 584 482 allecto
603 413 690 476 lubre
710 415 894 490 commoturus,
913 432 967 476 uec
980 415 1122 496 privatam
1132 435 1251 480 ιιιιιιιι
1284 425 1293 433 “

115 497 223 579 egisse,
242 513 296 555 uec
315 494 380 555 nelo
399 493 608 554 inconsiderato
628 493 714 554 luisse
733 513 895 556 accensum.
933 491 1013 554 llaec
1032 496 1086 556 tria
1106 495 1153 555 dili
1173 505 1253 562 enter
1321 487 1329 516 ⁸

114 573 244 636 abunda
262 580 338 648 snut,
357 591 426 635 nans
445 578 479 633 nt
519 573 620 652 nisque
638 575 773 656 seipsum
791 579 877 646 amat,
895 573 936 632 ite
955 574 1013 634 suis
1033 518 1190 636 commodis
1208 577 1252 636 in·

114 661 222 730 tentus,
242 653 337 714 statim
356 652 467 733 prosilit
485 593 522 714 dd
542 651 693 714 ultionem:
713 652 778 714 ideo
797 660 831 713 ut
850 651 902 711 sibi
917 653 1038 746 quisque
1053 653 1187 735 privatim
1202 655 1251 716 adr

114 735 211 798 dictus
228 739 292 808 est,
320 734 542 812 intemperanter
565 730 601 791 ad
626 751 724 793 curam
749 732 877 813 privatae
897 731 1025 793 utilitatis
1045 735 1164 814 rapitur.
1204 731 1251 796 Ex

114 811 212 874 studio
230 811 333 894 privati
353 811 497 873 commodi
516 813 607 872 oritur
630 810 751 872 alterum
771 813 887 883 vitium,
916 829 1001 870 norun
1026 813 1102 874 enim
1126 833 1250 895 poenam

113 897 232 974 expetet
255 891 291 952 de
315 892 373 952 suis
398 890 526 952 hortibus
550 887 697 972 quiahoc
720 897 829 952 rectum
853 897 883 950 et
904 891 1082 966 instantii,
1112 891 1163 954 sed
1182 895 1251 976 qnia

113 973 184 1032 odio
208 991 262 1032 suo
280 971 428 1052 indulget,
458 970 650 1050 praetenditur
675 970 789 1051 quidem
813 967 861 1030 bic
880 968 975 1042 color,
1002 969 1052 1030 sed
1071 971 1148 1032 intus
1167 972 1249 1042 ebul·
1351 973 1354 989 '

113 1052 189 1112 licus
209 1049 363 1131 cupiditas,
392 1048 503 1110 sublata
527 1051 678 1144 aequitatis
702 1049 854 1122 memoria,
883 1049 992 1109 animos
1011 1057 1152 1112 excaecat.
1193 1050 1250 1114 Ubi

114 1136 243 1226 conectat
262 1129 368 1226 luerint
388 1127 458 1224 baec
477 1129 535 1190 duo
555 1129 637 1224 prtia,
665 1149 769 1227 nempe
785 1131 920 1224 privatus
945 1129 1035 1224 nostri
1053 1135 1249 1228 respectustet

112 1214 849 1368 bbffit.tti”tffitt⁰t¹⁰tbtttttt
864 1206 1053 1366 stitit.
1063 1209 1247 1370 illidii

113 1369 179 1430 uolo
198 1367 331 1449 abreptus
350 1387 431 1428 erens
453 1366 513 1427 lum
522 1308 642 1428 Davidis
662 1367 806 1440 obundnt,
825 1364 896 1426 nihil
914 1366 1052 1448 proliciet.
1074 1366 1147 1428 Nem
1161 1363 1246 1455 'quod

113 1447 248 1508 Christus
266 1447 414 1529 respondit
432 1388 585 1528 discipulis,
604 1447 706 1507 merito
725 1447 756 1506 in
774 1465 841 1507 eum
860 1451 1013 1526 competet,
1032 1443 1151 1512 Nescitis
1166 1451 1247 1510 euius

113 1548 129 1586 s
150 1527 231 1587 iritus
250 1528 320 1602 sitis,
338 1525 407 1586 Luc.
418 1529 447 1600 9,
460 1529 510 1590 55.
530 1523 599 1604 Quo
613 1527 707 1607 ‘magis
727 1525 889 1586 detestabile
908 1525 1084 1608 saediegium
1105 1534 1149 1588 est
1168 1529 1247 1610 quod

139 1605 260 1666 salmam
280 1605 358 1666 huuc
372 1604 506 1668 Monachi
523 1605 685 1700 profanant,
705 1612 734 1666 et
753 1601 1071 1666 maximeFrauciscani.
1092 1603 1150 1666 lles
1170 1610 1246 1668 enirn

113 1685 232 1748 minime
252 1685 364 1747 occulta
383 1691 437 1762 est,
457 1685 480 1745 si
566 1684 677 1746 bostem
697 1683 847 1766 capitalem
866 1683 969 1746 habeat
987 1701 1073 1764 quem
1093 1685 1163 1746 velit
1181 1707 1245 1770 per·

113 1765 216 1840 ditum,
236 1765 397 1828 conducere
415 1784 453 1826 ex
471 1705 734 1826 iffnebutonitns
754 1765 878 1846 aliquem
897 1764 947 1859 qni
962 1762 1246 1846 qnotidioPsalmnm

114 1845 192 1906 bunc
210 1846 316 1906 recitet.
352 1843 413 1905 lma
433 1845 463 1906 iu
482 1863 571 1925 reguo
591 1843 701 1906 Galliae
719 1846 779 1905 scio
799 1845 962 1926 primariam
992 1844 1136 1925 quandam
1164 1845 1244 1906 lemi-

112 1945 182 1986 nam
202 1925 389 1990 conductitios
413 1943 450 1986 ex
469 1923 663 1986 Franciscanis
686 1923 832 1996 babuisse,
861 1925 911 2005 qui
936 1923 1081 2003 unigenito
1106 1925 1166 1986 titio
1190 1927 1245 2000 bap

112 2005 207 2066 torma
224 2005 456 2084 imprecarentur.
496 2001 556 2065 Sed
574 2005 632 2066 iam
651 2005 737 2065 redeo
757 2003 794 2064 ad
813 2002 968 2088 Davidem,
987 2005 1038 2141 pai
1056 2023 1146 2087 purus
1167 2005 1245 2067 omni
1275 2013 1287 2028 ‘

113 2083 227 2146 turbido
247 2085 365 2160 affectu,
394 2090 462 2146 rota
480 2102 547 2156 sua,
596 2089 730 2146 caecante
749 2081 873 2165 Spiritu,
903 2085 1035 2163 promit,
1104 2087 1131 2145 ia
1155 2085 1245 2168 impii,

113 2171 279 2245 mntempto
299 2163 378 2238 Deo,
401 2163 437 2224 ad
457 2163 562 2244 perdeu
583 2183 616 2224 os
635 2162 726 2225 bonus
745 2171 774 2224 et
793 2163 933 2243 simplices
952 2181 1067 2244 gruson
1088 2184 1120 2240 o,
1143 2165 1243 2248 iugum
1350 2197 1357 2216 .

114 2264 201 2326 opuuo
219 2246 376 2320 excutiunt,
395 2243 525 2305 utnulla
545 2263 596 2304 eos
614 2243 751 2305 modestia
770 2245 891 2304 retineat
909 2243 956 2338 vel
974 2244 1115 2324 aequitas:
1140 2244 1244 2326 dignis-
1301 2251 1308 2266 '

112 2327 178 2388 sini
196 2332 263 2385 suut
281 2325 337 2389 buc
355 2324 509 2406 supplicio,
528 2329 562 2384 nt
579 2324 683 2403 impius
702 2343 787 2404 super
806 2343 856 2384 eos
876 2323 1051 2382 dominetur:
1071 2323 1138 2401 quis
1157 2327 1243 2386 etiarn

113 2423 166 2486 per
184 2405 297 2465 insidiae
316 2410 424 2486 pestem
444 2403 524 2466 bouis
544 2403 755 2478 machinantur,
784 2401 939 2542 dipsissimi
962 2407 1029 2462 suut
1053 2401 1156 2482 quibus
1176 2404 1243 2465 sub·

114 2490 198 2546 ornet
217 2483 297 2545 Deus
316 2484 523 2557 adversarium,
552 2483 603 2564 qni
631 2501 777 2565 nunqnam
827 2481 931 2544 iscedat
959 2479 995 2542 ab
1020 2499 1120 2542 eorum
1145 2482 1241 2544 latere.

112 2561 236 2624 Tantum
255 2581 274 2623 a
291 2562 378 2626 nimia
397 2563 576 2624 testinatione
595 2570 714 2624 merant
732 2562 830 2624 fideles
847 2561 918 2622 dum
937 2565 1032 2636 orant,
1057 2561 1126 2641 quin
1146 2565 1242 2644 potius

112 2643 169 2704 Dei
188 2645 295 2724 gratiae
312 2643 469 2725 macedam
487 2643 596 2730 locum:
616 2645 684 2725 quia
703 2641 765 2705 fieri
782 2643 887 2726 poterit
906 2649 938 2702 nt
957 2642 1008 2723 qni
1027 2639 1112 2702 bodie
1127 2661 1179 2703 nos
1195 2660 1241 2704 ea·

113 2724 238 2805 pituliter
255 2723 325 2798 odit,
346 2743 408 2784 cras
427 2724 534 2784 amicus
552 2721 612 2784 dat

78 2830 83 2851 ¹
156 2813 159 2818 '
193 2804 223 2867 7.
244 2805 325 2864 Dum
333 2805 492 2870 audientur.
511 2802 577 2865 Alia
595 2803 769 2886 imprecatio,
789 2808 823 2864 nt
841 2803 872 2863 iu
891 2802 1025 2863 indicium
1043 2806 1162 2876 tractus,
1180 2802 1242 2864 sino

115 2881 173 2942 ulla
200 2881 392 2944 misericordia
421 2881 574 2962 plectatur:
603 2890 634 2943 et
684 2884 794 2944 aamris
822 2883 987 2964 suppliciter
1015 2888 1095 2962 petat
1119 2883 1240 2956 venum,

112 2961 204 3022 ludex
222 2949 317 3024 tanieu
335 2960 493 3024 inflexibilis
513 2970 633 3024 maneat.
655 2905 756 3024 doner
776 2961 890 3043 quidem
909 2961 967 3024 boo
985 2981 1045 3022 non
1059 2961 1241 3022 incommodo

114 3042 205 3122 accipi
224 3040 259 3102 de
277 3042 364 3124 ipsius
384 3039 443 3102 Dei
459 3041 575 3101 iudicio:
606 3041 655 3102 sed
680 3061 770 3138 quum
795 3041 925 3102 humanis
949 3039 1060 3102 indiciis
1084 3048 1161 3102 recto
1185 3041 1241 3102 huc

113 3121 275 3194 conveniat,
304 3121 383 3182 nolui
407 3141 432 3182 n·
447 3128 561 3204 recepta
578 3126 718 3181 sententia
737 3121 878 3182 recedere.
918 3119 987 3181 Duo
1006 3121 1093 3198 igitar
1112 3121 1240 3182 membra

9 3217 10 3220 ’
112 3207 193 3274 snut,
222 3207 255 3262 ut
274 3200 368 3282 palam
387 3200 457 3263 liant
475 3203 628 3282 impiorum
647 3202 768 3274 scetem,
795 3219 833 3261 nc
856 3199 906 3260 reli
947 3219 982 3260 us
1006 3201 1044 3260 sit
1067 3198 1241 3262 abscintioni

55 3313 67 3326 ι
111 3279 206 3340 locus:
235 3279 336 3340 deiude
359 3287 391 3340 nt
414 3283 507 3341 omnis
530 3281 692 3362 deprecatio
710 3277 883 3360 repudietur.
948 3279 1011 3338 xire
1030 3296 1101 3358 ergo
1120 3279 1242 3361 impium

111 3359 181 3419 dicit
198 3377 216 3418 a
235 3366 389 3440 conspectu
407 3359 516 3436 iudicis,
536 3363 585 3440 qni
603 3359 718 3421 retectis
737 3367 767 3420 ct
787 3356 924 3419 convictis
944 3357 1066 3438 flagitiis,
1085 3377 1239 3436 quemme·

110 3439 183 3499 ritns
212 3445 256 3500 ou
280 3437 465 3500 damnationis
491 3441 639 3502 infamiam
667 3439 762 3500 relert.
802 3435 951 3516 Quantum
976 3435 1013 3496 ad
1037 3433 1093 3495 Dei
1117 3435 1241 3496 bibnual

110 3523 240 3598 specus.
251 3517 405 3580 absurdum
424 3521 509 3580 etiarn
527 3539 588 3582 nou
606 3525 681 3582 esset
700 3517 890 3600 precationem
910 3533 991 3576 suam
1010 3515 1104 3595 impiis
1119 3516 1191 3576 verti
1211 3516 1241 3576 in

92 3604 273 3678 peccatum,
303 3600 370 3694 qnia
394 3602 489 3660 omnia
511 3618 613 3662 omnm
641 3598 777 3660 sacrifieia
802 3595 1005 3657 abominationi
1033 3613 1096 3656 csse
1119 3597 1240 3658 admusz

80 3710 84 3718 =
110 3683 198 3756 atque
217 3679 276 3738 nti
299 3698 321 3738 sr
342 3679 445 3760 polluti
463 3687 538 3753 snut,
559 3681 598 3740 ita
610 3680 717 3740 loetere
752 3697 803 3738 uae
818 3676 951 3736 videntur
969 3675 999 3735 in
1019 3673 1073 3735 illis
1094 3675 1240 3756 speciosae

109 3757 239 3826 vinctos.
277 3699 336 3818 gad
360 3761 434 3839 quin·
450 3758 486 3821 ds
510 3759 629 3821 tenente
647 3701 789 3820 indicibus
814 3759 966 3818 contextus
985 3753 1087 3816 melin
1106 3755 1186 3831 fluit,
1210 3751 1241 3814 in

109 3831 164 3896 bac
183 3841 264 3916 perte
283 3856 342 3898 nou
359 3841 469 3902 insisto.
987 3881 990 3886 ·

188 3917 216 3978 8.
247 3921 316 3980 Stat
340 3920 402 3980 dtas
425 3927 488 3980 etna
505 3929 608 4002 pauet.
647 3915 811 3997 Quamlibet
840 3913 937 3975 multis
967 3913 1108 3976 aerumnis
1137 3911 1239 3974 reierta

110 3992 146 4055 sit
166 3991 237 4056 baec
255 3996 324 4074 vita,
343 4000 448 4060 scimus
467 4005 563 4060 tamen
582 3998 786 4059 benedictionis
804 3993 862 4056 Dei
881 3993 1044 4074 symbolum
1064 4009 1125 4052 esse
1144 4009 1179 4051 ac
1199 3997 1240 4051 te·

109 4074 289 4136 stimonium:
319 4077 403 4138 sicuti
422 4077 503 4138 Deus
528 4097 612 4160 saepo
634 4079 665 4138 iu
684 4079 796 4158 siguum
815 4074 921 4136 favoris
941 4073 1081 4155 pro'mittit
1100 4071 1189 4131 vitam
1208 4089 1240 4130 se

80 4215 86 4225 .
107 4161 329 4234 prorogatnrnm
348 4155 524 4218 bominibus:
555 4176 615 4218 nou
634 4156 712 4238 qnod
732 4160 761 4216 in
782 4174 816 4215 ea
835 4153 987 4217 subsistere
1006 4149 1170 4226 conveniat,
1189 4149 1241 4230 sed

108 4233 176 4310 quin
200 4237 336 4314 padanus
355 4234 413 4297 Dei
437 4253 518 4297 amor
541 4237 571 4296 in
597 4253 631 4297 ea
655 4242 799 4316 gustatur,
830 4233 880 4316 qui
905 4233 941 4292 ad
965 4250 1047 4312 spem
1070 4229 1239 4292 immortalis
1287 4298 1297 4310 ,

108 4312 183 4372 vitae
202 4333 256 4374 nos
277 4314 407 4376 deducat.
447 4312 530 4376 Exn
572 4317 645 4377 osito
664 4333 743 4375 nnnc
761 4315 837 4376 vitae
857 4313 979 4374 brevitas
999 4312 1029 4370 iu
1048 4310 1160 4389 signnm
1180 4329 1238 4370 ma-
1318 4347 1327 4370 .

106 4387 263 4454 ledictionis
288 4396 418 4476 ponitur,
447 4415 515 4456 nam
581 4415 621 4476 us,
638 4395 772 4456 scelestos
797 4413 815 4456 e
842 4399 917 4476 terra
938 4391 1018 4469 quasi
1037 4389 1176 4453 violenter
1194 4408 1238 4450 ra·

129 4487 234 4532 cusu..
247 4491 270 4532 u
285 4491 366 4534 rrum
380 4493 441 4534 τοι.
456 4493 486 4535 ιι.
566 4497 575 4564 j
924 4474 962 4536 18
