2816 4880
74 335 80 358 ¹
172 339 225 396 515
314 343 316 349 ⁸
635 323 925 374 sessurus

174 461 242 522 olim
264 457 395 520 Patribus
420 455 559 536 sublege
584 463 719 538 paternus
729 455 784 516 Dei
803 453 887 519 lavor
905 455 935 515 in
953 455 1046 514 victus
1065 451 1236 514 abnndantia
1254 469 1311 534 ps-

173 541 293 602 teiactus
312 546 368 598 est:
394 539 461 618 qnia
480 537 584 596 talibus
604 530 768 621 rndimbntis
787 535 870 597 altius
889 541 959 595 tnnc
978 533 1083 594 deduci
1099 535 1236 615 oportuit

184 726 190 741 '
262 724 314 790 15.
338 719 426 789 Dum
460 719 572 786 emittit
600 719 762 810 eloquium
791 741 884 786 sunm
907 727 1022 802 terrae,
1054 715 1144 786 valde
1166 713 1311 784 celeriter
1395 717 1396 800 ἶ

175 829 270 898 currit
291 849 397 896 sermo
420 827 514 892 eins!
545 819 605 891 162
619 825 682 909 Qui
705 826 763 900 dat,
779 825 886 893 nivern
908 825 990 892 sicut
1009 823 1130 907 lanam,
1160 821 1310 914 pruinam

41 958 46 969 ·
174 937 262 1028 quasi
290 934 427 1001 cinerem
449 933 579 1022 spargit,
602 934 653 1000 17.
665 930 792 998 Prciicit
818 929 949 1021 glaciem
971 953 1063 997 suam
1084 929 1174 1022 quasi
1194 928 1310 995 frusta:

174 1065 280 1110 coram
319 1039 433 1130 frigore
460 1038 539 1108 'eius
573 1036 644 1127 quis
677 1033 848 1104 consiitet?
902 1038 955 1103 18.
988 1035 1095 1104 Miner
1127 1057 1312 1102 sennonem

173 1169 283 1228 mum,
326 1156 359 1212 et
385 1143 562 1233 liquefaciet
591 1167 645 1223 err:¹
683 1143 770 1210 ilabit
795 1144 922 1233 spiritus
950 1143 1033 1225 eius,
1076 1141 1176 1209 {luent
1197 1164 1310 1230 aqrrue.

175 1253 226 1321 19.
251 1239 608 1346 Annuntiataermorres
630 1271 707 1316 suos
729 1249 836 1331 laceb,
864 1249 964 1316 edicta
987 1271 1044 1338 sup
1066 1258 1098 1316 et
1117 1246 1230 1314 indicia
1251 1269 1320 1313 sna.
1395 1315 1396 1326 ,

173 1352 288 1448 lsratr'li.
315 1356 385 1421 «20.
408 1353 483 1422 Non
505 1355 577 1422 lecit
599 1356 645 1422 sic
666 1355 794 1428 cuilibet
816 1357 911 1446 genti,
933 1365 965 1422 ct
986 1352 1098 1438 iudicia
1120 1377 1185 1420 non
1208 1353 1311 1420 mani·
1395 1395 1396 1408 ι

174 1465 297 1534 fetavit
323 1461 392 1530 illis.
437 1459 622 1550 Hallcluiab.
1395 1449 1396 1460 ¹

254 1637 300 1700 15.
322 1639 403 1696 Duos
422 1642 534 1696 mutii.
560 1633 686 1696 ‘Rursus
707 1633 907 1717 opernm‘Dei,
927 1653 1003 1715 quac
1021 1635 1050 1694 in
1070 1635 1191 1694 naturas
1209 1630 1309 1692 ardna

94 1773 100 1794 ,
173 1718 278 1797 passim
298 1715 446 1796 refulgent,
466 1713 601 1796 quasdam
622 1717 730 1796 species
750 1717 868 1792 attingit.
909 1713 968 1774 Sed
989 1716 1054 1795 qnia
1074 1713 1148 1776 aeris
1167 1720 1197 1773 et
1215 1719 1311 1772 terras

175 1797 360 1868 mutationes,
391 1797 477 1873 qnae,
490 1795 652 1854 testimonia
674 1815 735 1854 esse
760 1794 899 1855 debebant
918 1795 1062 1874 potentiae
1081 1795 1156 1867 eins,
1186 1791 1313 1851 mundns

174 1875 292 1936 fortuito
315 1876 479 1954 contingere
507 1875 687 1954 imaginatum
718 1881 871 1954 antequam
898 1874 934 1935 de
954 1875 1032 1948 nire,
1052 1875 1152 1954 pruina
1172 1879 1202 1932 et
1219 1872 1314 1952 glacis

174 1954 318 2035 Propheta
339 1955 473 2026 disserat,
492 1953 594 2013 diserte
614 1955 747 2034 exprimit
771 1957 832 2014 eins
851 1956 971 2036 imperio
990 1961 1020 2016 et
1038 1960 1112 2014 nutu
1126 1953 1311 2032 turamrcgi

174 2037 303 2095 Emissis
333 2034 409 2093 enim
436 2035 673 2094 emerentur
697 2033 774 2093 alind
799 2042 843 2094 cst
867 2055 955 2116 quam
974 2052 1091 2094 arcemn
1111 2039 1231 2106 moins,
1249 2051 1313 2111 quc

98 2123 102 2132 '
175 2117 270 2174 omnia
294 2113 457 2173 moderatur
481 2119 510 2173 et
534 2119 686 2196 temperat:
717 2114 784 2194 quia
808 2115 862 2174 nisi
887 2114 1002 2174 iubente
1021 2115 1083 2194 ipso
1103 2119 1132 2171 et
1151 2112 1312 2184 ordinante,

175 2195 253 2254 nulls
274 2194 303 2252 in
324 2193 471 2253 elementis
491 2199 566 2253 esser
585 2195 715 2275 agitatio:
736 2213 790 2254 nec
808 2196 925 2276 proprio
945 2195 1079 2254 instinctu
1098 2191 1313 2252 sueverdun

174 2275 324 2345 terrentur,
344 2273 397 2332 nisi
418 2275 538 2352 praeiret
557 2293 691 2334 arcannm
712 2273 838 2334 eiusdem
858 2275 1030 2334 mandatnm.
1056 2275 1200 2333 Velocites·
1213 2278 1312 2332 autem
1395 2293 1396 2304 ¹

175 2355 241 2415 dicit
264 2375 425 2414 ammoneris
443 2375 576 2414 carrera:
593 2356 661 2433 *qnia
682 2353 801 2414 simulac
820 2355 944 2416 ostendit
964 2352 1043 2414 Deus
1063 2353 1131 2434 quid
1150 2351 1212 2412 lieri
1231 2351 1311 2426 velit,

173 2439 287 2517 praesto
312 2432 347 2491 ad
373 2430 530 2512 parendum
554 2441 727 2494 concurrunt
752 2436 855 2495 omnia.
897 2432 986 2512 Quod
1005 2433 1175 2514 principium
1194 2433 1248 2492 nisi
1267 2438 1314 2492 te-

176 2533 292 2586 nemus,
312 2513 494 2591 quantumvis
514 2513 653 2574 subtiliter
673 2508 850 2578 excutiamus
869 2514 975 2574 medias
995 2531 1109 2584 musas,
1131 2517 1192 2572 tois
1211 2519 1309 2572 nostra

175 2594 348 2676 perspicacia
377 2599 535 2652 evanescet.
576 2591 667 2653 Sicuti
687 2594 854 2656 Aristotelen
879 2597 909 2653 in
929 2593 1062 2652 Maiensis
1084 2611 1202 2652 acumen
1221 2611 1305 2651 mum

175 2677 216 2734 iia
240 2673 381 2744 exercuit,
411 2677 443 2732 ut
468 2671 504 2731 de
528 2675 620 2732 causis
639 2673 815 2734 naturalibus
834 2675 1012 2735 exactissime
1031 2672 1167 2752 disputet:
1193 2677 1307 2730 onust-

104 2807 109 2813 .
177 2762 272 2814 tamen
293 2752 476 2832 praecipuum
497 2751 552 2812 hcc
571 2757 667 2834 capnt,
686 2755 716 2812 in
737 2774 795 2832 quo
817 2755 980 2814 rudissimns
996 2750 1218 2832 quisqneidiois,
1235 2769 1306 2810 vers

175 2833 275 2894 saltem
306 2834 411 2912 pietate
434 2830 574 2905 imbutus,
603 2853 669 2894 eum
695 2841 819 2912 superat
859 2831 933 2893 Nam
958 2833 1022 2913 plns
1046 2850 1135 2912 qnam
1158 2829 1308 2910 insipidum

175 2933 238 2973 esse
268 2917 383 2992 oportet
413 2929 498 2991 quens
524 2920 583 2972 tarn
608 2911 717 2971 subitae
737 2915 817 2972 nives
836 2930 871 2972 ac
889 2914 1008 2993 pruinae
1027 2911 1063 2972 de
1081 2911 1136 2971 bac
1156 2911 1233 2971 verbi
1251 2911 1310 2972 Dei

177 2991 321 3050 celeritate
351 3010 408 3050 non
435 2990 548 3050 docent.
587 2989 687 3068 ltaque
711 2992 765 3051 nisi
780 2989 909 3053 ‘velimus
929 2999 1110 3074 praepostere
1129 2993 1157 3052 in
1177 2991 1312 3072 operibus

157 3069 233 3130 ‘Dei
265 3067 472 3148 philosophari,
502 3089 561 3128 sem
600 3069 673 3128 rab
694 3069 750 3130 boc
770 3073 907 3152 principio
931 3073 1056 3152 incipere
1076 3075 1222 3145 convenit,
1252 3072 1310 3130 sin-

176 3149 257 3230 gulas
277 3147 376 3208 mnndi
396 3153 489 3227 partes
509 3147 544 3208 ad
595 3149 621 3209 ei
640 3149 788 3210 arbitrium
808 3153 930 3212 intentas
948 3171 1024 3226 essa,
1044 3159 1078 3212 ut
1094 3157 1174 3212 totns
1191 3157 1311 3212 naturas

29 3275 75 3297 ..,
176 3247 277 3288 cnrsru
296 3226 368 3288 nibil
387 3225 463 3286 aliud
474 3223 521 3307 sit
540 3247 627 3308 quarn
646 3237 778 3312 prompta
797 3251 899 3292 eornm
918 3250 993 3312 quas
1010 3231 1156 3292 mandsrit
1170 3231 1310 3292 exauria

177 3307 252 3369 Naar
281 3313 359 3367 car-ts
388 3306 457 3366 dum
488 3326 521 3368 se
547 3326 642 3388 aquae
674 3313 865 3391 conglaciaret,
896 3311 966 3370 dnm
986 3331 1036 3392 per
1055 3317 1149 3372 esrem
1170 3331 1236 3391 spur
1254 3311 1313 3370 'tur

178 3389 304 3468 grando,
334 3385 402 3446 dnm
420 3388 539 3467 pruinae
558 3388 671 3449 coelom
691 3390 857 3465 obscurant,
887 3390 1091 3472 hincapparet
1110 3399 1196 3471 quarn
1217 3331 1312 3450 effica-

178 3471 251 3530 citer
269 3466 413 3546 loquatur.
434 3464 523 3545 Quod
543 3469 568 3527 si
586 3469 677 3528 maior
696 3487 762 3550 pars
781 3471 879 3544 mundi
898 3471 933 3530 ad
954 3471 1024 3532 buco
1042 3477 1087 3530 tot
1104 3471 1240 3534 miracola
1259 3469 1314 3530 ob·

177 3548 329 3627 stupescit,
359 3545 470 3626 trigoris
495 3549 631 3628 asperitas
660 3567 718 3628 qna
747 3549 928 3630 obrigescunt
947 3569 1081 3631 corpora,
1110 3569 1163 3612 uos
1183 3549 1240 3610 Dei
1254 3569 1313 3688 po·

180 3627 298 3686 tentiam
314 3625 414 3684 inirari
433 3633 526 3716 copat.
549 3625 623 3688 Nam
644 3634 720 3689 cerie
739 3646 829 3710 quum
849 3630 1253 3700 amiatenostonaatscliscs
1265 3649 1315 3688 cr:

179 3705 281 3766 deiude
300 3704 401 3782 hyems
421 3706 582 3779 succedens,
602 3709 697 3768 omnia
717 3709 881 3768 contrsbsta
910 3709 1119 3770 mutaticlraec
1160 3729 1213 3770 sse
1229 3715 1315 3770 entra

179 3805 262 3847 usum
273 3781 535 3858 incredibilisesset,
555 3793 651 3866 aperte
662 3788 788 3848 clamitat
797 3789 911 3868 aliquod
922 3809 1039 3870 regnare
1053 3791 1082 3849 ic
1162 3790 1313 3850 ’snbmem

241 3867 288 3926 tu
309 3869 478 3924 Amantini
497 3887 643 3927 semem
661 3889 731 3928 suos
748 3870 849 3940 luced.
870 3867 924 3929 liic
942 3871 1058 3930 altadus
1076 3869 1313 3948 ammonisqnsm

179 3941 272 4028 ps'nlo¹
287 3949 367 4015 ante,
385 3942 420 4002 fit
437 3947 558 4004 mentio:
578 3948 648 4025 quis
664 3947 747 4008 ubter
766 3951 902 4008 creaturis
921 3967 1006 4010 senso
1025 3949 1184 4010 carentibus
1203 3949 1311 4030 praed·

180 4043 248 4104 pere
279 4021 382 4082 dicitnr
401 4021 496 4097 Dens,
525 4043 597 4104 quus
627 4044 729 4087 arcam
758 4027 938 4090 inclinatione
966 4031 1069 4090 tacitns
1093 4033 1124 4088 in
1143 4030 1180 4090 cb
1250 4029 1313 4090 'uua

181 4121 266 4178 snum
287 4101 396 4182 dirigit,
417 4121 503 4182 qnam
522 4102 684 4165 bominibus
702 4105 885 4188 intelligentia
904 4109 1050 4189 praeditis,
1075 4129 1147 4188 quos
1165 4109 1315 4169 surculata

181 4181 266 4244 dccet
285 4183 456 4277 utseientes
475 4183 651 4278 ctesolsntes
671 4195 827 4282 peqnsntnr
844 4208 903 4268 qno
921 4189 983 4271 ipse
1001 4195 1095 4284 voest
1135 4186 1314 4250 lltsi'antern

180 4280 371 4420 libili„
384 4262 1313 4488 ,ittitistitt.ttu'tti.t¹’tt·tt,⁶j,‘..ttttt

180 4417 280 4486 suciis
298 4418 453 4532 ιὴοιιιιιιιιΙ
466 4427 518 4496 est,
537 4423 665 4504 magistri
683 4423 779 4488 cilicio
799 4445 864 4508 erga
882 4428 1005 4490 clectnns
1025 4445 1082 4510 pop
1115 4425 1251 4508 uruinngi
1270 4425 1313 4485 di-
