2874 4888
164 289 237 356 Χιιι
609 297 629 340 ι.
656 245 900 338 ιιίιιιιιι
1243 350 1248 370 ⁸

187 419 266 491 hum
294 411 363 486 'eihs
389 417 423 484 in
449 425 565 484 terram
591 413 762 482 detraxisti.
805 410 862 480 46.
894 409 1037 480 hlinrristi
1057 391 1126 480 dies
1146 377 1321 481 inhorrentia

143 544 146 550 ·
182 507 265 609 hius,
287 522 439 616 operuisti
459 543 534 588 cum
554 519 735 612 ignominia.
767 515 874 586 Sehh.

266 653 317 714 39.
338 651 389 711 Tu
407 655 515 708 ostes.
539 643 602 706 Hic
613 646 797 726 conqueritur
815 643 968 726 Propheta,
986 643 1116 725 collapso
1133 643 1215 723 regui
1231 648 1322 718 statu,
1423 649 1424 696 1

187 751 248 794 nou
262 737 375 790 exstare
385 727 472 788 fidem
486 725 605 800 oraculi,
623 745 682 786 ocu
694 725 772 805 quod
781 723 878 786 Deum
891 723 1031 784 mendacii
1044 723 1197 798 insimulet,
1216 741 1322 784 verum

188 819 223 873 nt
242 827 325 871 curas
344 827 411 868 suas
429 813 461 866 et
479 803 593 865 dolores
613 805 790 866 lamilian'ter
808 803 915 866 reiiuiat
931 805 962 864 in
980 804 1042 868 eius
1060 805 1165 878 sinum,
1184 809 1219 863 ut
1236 803 1323 864 nohis

148 897 151 902 ’
225 889 325 950 emittit
343 904 442 948 acuum
460 883 635 946 familiariter
653 903 745 967 agere.
769 882 843 946 Nam
862 885 916 944 etsi
933 891 1004 944 vota
1022 891 1120 944 ucstn
1138 883 1176 944 ad
1195 884 1257 943 eius
1276 900 1323 942 ar·

150 967 152 976 ’
211 971 309 1030 'trium
324 966 449 1027 formare
468 965 616 1037 convenit,
635 983 695 1024 nou
712 970 807 1024 tamen
827 963 899 1024 does
917 961 1123 1043 transgreditur
1141 963 1192 1044 qni
1211 962 1323 1042 suppli-

110 1091 112 1106 .
187 1052 259 1110 citer
275 1046 407 1126 ‘deplorat
425 1041 517 1104 ablata
536 1043 589 1104 sihi
607 1063 671 1104 esse
689 1045 795 1124 gratiae
808 1050 838 1104 et
852 1044 958 1104 larcria
972 1044 1065 1123 signas
1085 1043 1173 1102 modo
1186 1061 1254 1102 nec

190 1129 312 1200 uhiieiat,
331 1125 379 1186 vel
397 1125 604 1185 contumaciter
622 1123 829 1198 obmurmuret,
848 1123 932 1184 sicuti
945 1130 1044 1203 postca
1058 1122 1224 1182 videbimus.
1268 1120 1324 1181 uh-

118 1199 135 1264 ,‘
189 1209 249 1270 iicit
270 1205 465 1266 testimonium
493 1199 621 1284 placidae
645 1201 837 1281 obedientiae,
863 1194 923 1283 qud
946 1219 1013 1262 snas
1056 1202 1227 1262 cerimonias
1249 1199 1323 1262 Pro-

94 1333 96 1338 .
210 1287 278 1348 heta
301 1285 418 1364 corrigit
440 1282 488 1343 vel
512 1289 652 1362 temperat
695 1301 766 1342 uum
788 1284 824 1359 iu,
842 1281 900 1342 line
918 1281 1026 1342 Psalmi
1079 1300 1145 1345 eum
1169 1280 1326 1346 hmedieit.

189 1309 292 1447 itaque
310 1363 439 1502 quhuquis
457 1360 543 1422 luerit
560 1363 608 1422 ille
626 1360 689 1422 Rab
709 1363 787 1436 inus,
806 1363 857 1442 qui
876 1362 919 1422 lae
937 1361 1059 1443 negabat
1076 1361 1157 1422 huuc
1174 1359 1325 1421 Psalmurn

82 1461 88 1470 ·
192 1445 314 1519 mutari,
334 1449 362 1502 st
393 1449 422 1502 ta
440 1448 471 1503 et
488 1442 575 1523 impia
593 1442 758 1502 morositate
777 1442 924 1502 damnavit
941 1437 1110 1522 quodDeus
1128 1442 1159 1500 in
1178 1440 1243 1502 filiis
1258 1440 1325 1527 sulp

192 1524 305 1588 tolerat.
325 1521 428 1603 Neque
446 1522 523 1582 enim
541 1521 613 1582 haec
631 1521 830 1602 expostulandi
849 1521 964 1582 libertus
983 1539 1041 1601 qna
1060 1523 1150 1580 utitur
1169 1513 1327 1601 Propheta,

76 1657 78 1664 s
194 1605 252 1666 alio
271 1602 363 1664 tendit
381 1619 468 1681 quam
487 1607 523 1661 ut
540 1621 572 1661 se
590 1619 688 1662 ruram
707 1599 772 1661 Deo
791 1620 964 1676 exonerans,
992 1599 1160 1662 dubitationi
1184 1606 1214 1660 et
1232 1601 1326 1679 impa-

193 1684 310 1746 tieutiue
323 1681 444 1742 rflistat.
464 1678 564 1758 Quum
577 1687 672 1741 autem
688 1679 756 1741 dicit
773 1682 959 1742 odoramus
976 1702 1007 1741 ea
1025 1689 1053 1742 et
1071 1681 1216 1762 repudiati,
1233 1679 1327 1758 siquis

193 1763 252 1824 hoc
269 1760 318 1822 uel
336 1761 450 1842 exigere
463 1760 532 1821 velit
546 1759 583 1820 ad
600 1771 731 1820 normam
740 1759 867 1821 Graecae
875 1759 924 1827 vel
931 1758 1049 1822 letinae
1068 1759 1190 1840 liuguae,
1209 1760 1264 1818 erit
1281 1758 1326 1817 iu-

194 1849 309 1924 eptumr
329 1841 397 1920 quia
415 1839 559 1920 praecedit
577 1839 656 1919 quod
674 1840 760 1920 louge
777 1841 902 1901 atrocius
920 1846 974 1914 ert,
992 1839 1117 1900 mundo
1130 1839 1196 1898 loco
1211 1837 1327 1901 additur

196 1919 276 2002 quod
295 1925 340 1980 eat
358 1919 457 1980 levius.
480 1917 540 1978 Sed
559 1917 759 2000 quiallehraei
778 1914 882 2000 quidus
900 1927 1015 1980 nostroe
1033 1935 1091 1996 nan
1111 1924 1235 1992 mant,
1253 1915 1327 1980 nihil

195 2007 239 2062 est
257 2001 288 2060 in
307 1997 364 2058 hoc
383 1997 482 2060 ordine
501 1995 624 2058 absurdi.
644 1996 677 2060 lu
695 1999 781 2060 tertio
801 1998 899 2074 verim,
918 2017 1022 2059 musae
1039 1997 1159 2058 redditio
1178 2003 1237 2057 este
1256 1997 1328 2076 quia

196 2097 293 2160 mem
312 2077 454 2139 abierim
472 2095 535 2136 esse
557 2075 697 2159 significat
714 2076 874 2159 Propheta,
902 2097 939 2138 eo
963 2078 1042 2159 quud
1065 2079 1153 2138 iratus
1177 2077 1216 2136 sit
1234 2073 1327 2136 Deus.

162 2151 178 2214 '.
198 2158 326 2237 Quidam
349 2156 475 2216 hostium
497 2155 621 2216 ludihn'a
643 2156 690 2217 hic
717 2158 830 2218 recitati
858 2163 974 2239 putant,
1001 2158 1106 2238 ueuipe
1133 2161 1167 2216 ut
1190 2155 1330 2236 effugiant

198 2235 414 2310 offendiculum,
442 2235 521 2316 quod
544 2234 690 2296 Rnhhiuus
713 2237 761 2300 ille
784 2236 859 2298 terre
882 2257 941 2297 non
967 2238 1062 2318 potuit
1084 2236 1115 2296 in
1136 2234 1195 2296 hoe
1223 2251 1329 2314 aspero

198 2315 337 2396 loquendi
355 2325 466 2398 genere
496 2313 556 2376 Sed
574 2313 732 2377 notandum
750 2323 808 2390 est,
828 2315 1002 2398 Prophetam
1020 2335 1059 2378 ex
1077 2315 1222 2376 cummuni
1240 2331 1331 2373 senen

198 2395 296 2476 loqui,
381 2395 456 2454 muts
479 2401 560 2454 certo
582 2397 659 2477 apud
683 2415 716 2456 se
739 2402 875 2458 statueret
893 2416 953 2455 uon
971 2414 1059 2476 posse
1074 2395 1152 2456 miici
1171 2395 1221 2474 qui
1239 2392 1347 2470 saneta
1423 2425 1424 2432 ι

198 2475 307 2536 electus
345 2480 433 2534 uerat.
472 2471 582 2536 Eodem
606 2475 730 2556 pertinet
753 2475 831 2556 qnod
855 2476 983 2555 sequitu
1007 2475 1043 2536 de
1072 2473 1179 2535 abolito
1203 2471 1329 2534 loedere.
1423 2507 1424 2530 ι

199 2553 301 2635 Neque
320 2553 396 2617 enim
414 2553 537 2614 levitatis
555 2561 607 2616 aut
624 2555 833 2616 inconstantiae
842 2553 938 2618 Deum
950 2554 1057 2635 arguit,
1076 2553 1126 2614 sed
1138 2559 1249 2612 tautum
1259 2571 1330 2632 que·

101 2663 109 2682 ,
200 2636 288 2708 ritur,
313 2631 456 2714 praeclara
475 2633 523 2692 illa
548 2651 622 2714 quae
640 2633 763 2696 vidimus
807 2635 940 2706 mmiaea,
963 2635 1140 2713 inspeciem
1163 2630 1330 2693 concidisse.

201 2711 277 2774 Nam
300 2718 377 2772 certe
402 2713 514 2791 quoties
537 2712 713 2790 interrogant
736 2712 774 2773 lid
802 2732 850 2786 ea,
875 2712 1035 2794 Quousque
1045 2712 1167 2773 tund
1187 2711 1331 2772 dormies?

128 2839 139 2854 ,
200 2791 289 2864 Item,
313 2787 475 2875 Quousque
498 2789 671 2852 oblivisceris
695 2795 804 2853 nostri?
831 2792 897 2856 Dec
921 2809 1067 2865 somnum,
1092 2792 1139 2853 vel
1156 2789 1332 2852 obliuionem

201 2890 261 2932 nou
280 2868 424 2930 tribuuut:
443 2869 494 2929 scd
514 2870 664 2952 proferunt
681 2871 712 2931 in
730 2873 856 2932 medium
875 2890 947 2953 quaa
966 2874 1079 2956 spngoie
1098 2878 1128 2932 et
1146 2887 1213 2930 caro
1228 2888 1331 2950 sque·

201 2955 270 3010 runi
288 2947 472 3023 tentationes,
491 2955 527 3010 ut
544 2947 734 3014 infirmitatem
754 2969 812 3031 qua
831 2959 1011 3033 premuntur,
1035 2953 1145 3012 mltnre
1164 2948 1245 3010 Deus
1263 2948 1331 3008 ruht

202 3030 287 3089 levet.
327 3025 428 3106 ltaque
450 3029 556 3088 mirum
579 3047 638 3090 nou
661 3037 720 3106 est,
748 3031 778 3091 in
802 3030 930 3092 horribili
954 3030 1135 3126 dissipatiorm
1153 3027 1331 3110 Prophetam

13 3121 14 3128 ¹
61 3157 67 3168 .
202 3105 309 3186 aliquid
328 3105 493 3168 humanitus
511 3107 597 3169 tussa
616 3127 747 3190 paurum,
777 3117 810 3171 ut
832 3110 937 3172 diceret
961 3112 1077 3170 minume
1101 3109 1226 3188 conspici
1250 3107 1331 3187 quod

203 3185 285 3246 Deus
304 3187 480 3266 promiserat.
514 3185 616 3268 Neque
634 3191 710 3250 euim
729 3195 790 3250 erat
808 3189 916 3251 laureae
934 3191 1046 3264 mentia,
1065 3195 1098 3249 nt
1116 3189 1211 3248 omnia
1229 3186 1334 3248 videns

203 3265 346 3326 contraria
364 3263 453 3327 verbo
472 3264 544 3338 Dei,
572 3268 647 3339 tristi
671 3268 721 3329 illo
744 3269 863 3330 conluto
886 3289 921 3330 ue
940 3268 1103 3350 spectaculo
1122 3288 1182 3328 nou
1201 3271 1334 3346 taugere-
1423 3263 1424 3320 i

196 3353 264 3411 ,turs
294 3345 345 3404 sed
367 3344 455 3406 libere
477 3346 508 3406 in
527 3345 585 3408 Dei
607 3355 792 3428 couspmum
811 3359 847 3430 pr
886 3351 954 3422 ens,
980 3347 1136 3408 remedium
1155 3348 1275 3427 quaerit,
1295 3363 1333 3406 ue

13 3393 14 3442 ἶ
113 3448 128 3462 ·
178 3455 180 3464 ν
204 3423 390 3486 absorbeatur
408 3444 553 3500 moerore,
583 3426 662 3508 quod
680 3426 788 3490 tactum
807 3435 896 3500 esset,
926 3429 949 3488 si
968 3429 1045 3488 intus
1063 3426 1175 3488 ῐιιιιιιι
1194 3425 1335 3496 rodendo,

203 3503 375 3584 neglexisset
392 3502 449 3564 hcc
467 3505 606 3566 leuamen.
646 3504 735 3585 Quod
758 3527 828 3568 mcx
851 3507 944 3582 addit,
969 3507 1004 3566 de
1078 3513 1152 3568 tecto
1170 3514 1204 3566 ts
1221 3515 1335 3565 ter-ruas

205 3583 383 3657 diedemate,
405 3602 465 3644 uon
484 3585 598 3645 viduor
620 3593 782 3667 competere
800 3589 830 3648 iu
849 3583 1010 3684 tempucR
1047 3585 1158 3649 aheamr
1188 3585 1242 3646 nisi
1259 3583 1354 3644 lorte-

128 3683 132 3700 ¹
168 3687 171 3702 ·
204 3662 338 3723 laceratio
362 3661 456 3742 regui,
484 3673 606 3724 vocetur
624 3665 789 3726 diadematis
807 3668 952 3747 protectio.
991 3664 1051 3726 Sed
1075 3682 1150 3746 qnae
1169 3669 1266 3744 postea
1286 3661 1336 3722 ud·

125 3799 128 3805 .
204 3741 325 3817 duntur,
353 3742 407 3800 nisi
426 3741 609 3822 hyperbolice
628 3745 764 3828 accipias,
790 3747 950 3808 necessario
973 3743 1073 3808 marri
1097 3742 1255 3804 debent'ad
1273 3761 1334 3802 ma·
1423 3749 1424 3754 ’

205 3819 296 3881 iorem
315 3817 434 3882 cladem.
473 3819 538 3882 lloc
561 3824 586 3882 si
608 3824 733 3905 placeat,
756 3845 816 3885 non
834 3826 889 3884 erit
907 3830 1007 3885 auctor
1025 3823 1132 3886 Psalmi
1151 3821 1259 3894 Ethan,
1284 3821 1335 3881 ille

204 3917 281 3960 uuus
305 3917 343 3960 ex
367 3906 492 3980 quatuor
514 3903 687 3982 sapientibus
711 3923 835 3985 quorum
859 3903 894 3964 lit
916 3905 1023 3965 mentio
1047 3903 1077 3964 in
1100 3901 1189 3962 Sacra
1218 3899 1337 3960 historia

207 3983 236 4042 1.
255 3975 327 4060 Reg.
347 3978 377 4053 4,
395 3981 452 4040 31:
473 3977 574 4060 Quare
591 3983 623 4042 iu
642 4001 674 4044 ne
693 3982 789 4060 duhia,
807 3982 896 4044 lihera
915 3983 953 4045 rit
970 3983 1077 4063 cuique
1094 3979 1250 4064 probabilis
1268 3999 1339 4041 cou-
1423 4007 1424 4036 ι

206 4059 330 4120 huone
348 4058 458 4119 electio.

286 4135 335 4200 41.
364 4139 525 4220 Dinaptett.
550 4139 725 4222 Quanquam
743 4142 800 4204 alio
819 4161 933 4205 causam
952 4139 1153 4204 haumuihcre
1169 4111 1338 4222 promptum
1423 4079 1424 4142 i

206 4222 284 4276 essct
302 4235 355 4277 eur
373 4217 484 4280 dirutae
502 4226 606 4294 oeseut,
622 4221 787 4302 stactaeque
805 4223 985 4296 munitiones,
1004 4223 1052 4305 pic
1071 4227 1166 4282 tamen
1185 4225 1338 4297 muneque

207 4291 352 4374 Propheta
375 4294 472 4358 Deum
495 4301 625 4379 agnoseit
648 4308 808 4375 auctorem,
837 4303 905 4382 quia
933 4301 1104 4384 principium
1133 4297 1206 4360 illud
1228 4298 1339 4368 ΝΜ

206 4375 1126 4463 conpotuirseuisieoirato,quudipaeueaaratre5uum,
1154 4373 1340 4440 hhtdinelm·
