2862 4888
165 278 184 331 2
267 249 270 255 ’
565 245 878 320 1ιωινιιειη

185 401 253 460 lices
272 391 369 481 inopio
382 398 522 472 ,coniecta
541 400 638 462 multis
657 401 845 462 incommodis
865 395 1003 476 oppressi,
1023 394 1120 455 vexati
1138 393 1237 454 multis
1256 395 1303 456 in·

165 481 259 550 rnrtts,
284 481 376 556 operti
401 475 555 556 ignominia
574 481 604 536 et
622 474 743 556 probro,
766 483 884 556 gemunt
902 482 932 536 ct
950 475 1107 555 suspirant:
1131 493 1190 554 quc
1209 475 1302 554 magis
1420 513 1421 520 κ

164 556 279 615 student
298 555 433 637 prodesse
451 553 599 629 omnibus,
618 574 654 614 eo
673 555 780 614 maiore
798 553 912 614 licentia
930 571 1032 614 eorum
1051 553 1201 614 tolerantia
1220 553 1301 628 abuti

165 635 287 714 improbi
307 634 421 696 audent.
461 631 557 712 Quem
577 654 636 694 non
656 634 788 694 sollicitet
806 634 892 714 impia
912 634 1064 713 cogitatio,
1082 631 1221 694 mundum
1241 635 1300 694 lor·

165 718 238 774 tuito
266 715 362 774 volvit
406 711 492 774 Certe
517 719 627 774 mentes
650 712 806 774 infidelium
831 714 945 793 penitus
969 719 1107 793 occupat,
1167 731 1198 773 aa
1218 711 1301 774 Deus

165 815 223 854 non
249 794 371 854 illustrat
396 795 449 854 suo
470 790 594 874 Spiritu,
619 799 652 852 nt
675 793 711 852 ad
738 799 882 853 aeternam
907 794 995 852 vitam
1015 811 1046 852 ss
1065 793 1135 853 attol
1165 799 1209 853 ntr
1233 793 1300 856 ideo

164 873 231 933 dicit
250 871 370 933 Solomo
389 871 491 953 repleri
501 871 586 931 corda
596 871 743 932 hominum
754 872 908 967 impietate,
929 869 1210 953 ctDeiccntemptu,
1231 873 1299 952 quia

164 953 325 1034 promiscue
345 956 439 1020 omnip
459 952 596 1012 eveniunt
614 951 697 1012 bouis
716 959 752 1011 ct«
766 950 859 1010 malrs:
880 951 947 1030 quia
966 951 1073 1012 scilicet
1092 971 1137 1011 res
1156 951 1299 1012 inordina·

163 1039 208 1092 tas
232 1053 290 1092 non
316 1051 378 1092 esse
396 1030 449 1091 sub
470 1029 525 1091 Dei
544 1050 632 1090 manu
651 1031 822 1091 existimant.
863 1027 976 1090 Scimus
996 1029 1135 1110 quosdam
1154 1032 1242 1092 fuisse
1261 1051 1301 1092 ex

100 1147 122 1156 .,
163 1110 341 1192 philosoplis
366 1112 415 1190 qui
436 1108 491 1170 Dei
511 1109 719 1191 providentiam
738 1116 910 1184 assererent,
934 1109 983 1168 sed
1004 1129 1071 1170 usus
1091 1109 1188 1172 docuit
1206 1110 1301 1171 adhuc

110 1237 115 1250 ,
164 1211 222 1252 non
243 1189 329 1250 luisse
348 1194 422 1250 serio
442 1209 602 1271 persuasos,
622 1196 654 1250 ut
673 1189 758 1250 rebus
772 1196 890 1284 practer
909 1189 994 1248 animi
1014 1193 1181 1250 sententiam
1195 1191 1299 1252 caden-
1375 1184 1382 1198 ‘

163 1269 252 1343 tibus,
277 1268 354 1349 quod
374 1269 493 1350 prclcasi
515 1275 609 1341 erant,
635 1276 732 1350 operte
757 1275 813 1328 arnt
837 1269 977 1330 detestati
1019 1267 1109 1330 Cuius
1134 1271 1174 1330 rei
1191 1289 1300 1330 memo·

163 1349 251 1410 rabile
270 1347 407 1409 babemus
426 1349 455 1408 iu
474 1347 565 1408 Bruto
584 1347 763 1428 exemplum:
783 1347 854 1407 nihil
873 1354 968 1430 potest
986 1346 1056 1429 fingi
1075 1343 1229 1410 animosius
1248 1349 1298 1408 illc
1420 1361 1421 1376 ¹

164 1429 294 1502 homine,
323 1431 353 1488 et
382 1447 481 1488 omnes
505 1429 566 1488 cius
590 1428 723 1508 aequales
747 1427 868 1488 confessi
893 1435 968 1494 sunt.
987 1428 1213 1488 cordatissimum
1236 1448 1299 1488 essa

41 1521 44 1536 ¹
164 1509 322 1568 hominem:
353 1515 453 1587 atqua,
483 1498 517 1566 r'rt
541 1505 628 1567 bomo
648 1507 779 1580 Stoicus,
808 1509 943 1566 virtutem
967 1513 997 1566 et
1016 1509 1222 1588 providentiam
1242 1507 1300 1569 Dei

164 1587 314 1669 magnifice
332 1585 526 1668 praedicabat:
547 1588 639 1646 victua
659 1595 753 1646 tamen
774 1586 808 1647 ab
829 1587 967 1662 Antonio,
987 1588 1143 1662 exclamat,
1162 1587 1299 1668 quioquid

163 1669 199 1727 de
219 1670 323 1727 virtute
342 1667 473 1742 credidit,
493 1683 556 1726 csse
575 1685 667 1726 mer-as
686 1686 790 1748 nugas:
810 1673 839 1727 ct
858 1666 983 1728 studium
1002 1673 1079 1728 recte
1098 1667 1299 1728 moendiluso·

163 1748 238 1807 rium
257 1766 327 1819 esse,
348 1748 414 1826 quia
434 1743 548 1806 fortuna
566 1745 730 1806 'dominetur
749 1752 779 1806 in
800 1745 884 1806 rebus
904 1747 1043 1806 humanis.
1064 1743 1106 1806 lta
1126 1748 1172 1806 vir
1190 1746 1300 1808 illelrc-

162 1828 232 1888 roici
252 1827 383 1906 pectoris,
403 1833 432 1885 et
451 1829 501 1905 qui
520 1825 668 1921 speculum
687 1833 748 1886 crat
768 1828 856 1888 mirac
877 1827 1068 1902 constantiae,
1082 1827 1180 1888 virtuti
1194 1847 1297 1888 rennu-
1346 1881 1350 1896 ,

162 1907 245 1980 tiaras,
264 1913 294 1972 et
313 1906 446 1986 subpeius
465 1925 580 1965 nomme
600 1904 664 1966 Deo
684 1905 863 1981 maledicens,
882 1909 1003 1986 turpiter
1022 1908 1147 1968 evanuit.
1172 1905 1215 1966 lta
1233 1927 1296 1966 om·

163 1987 245 2046 nium
270 1986 424 2066 impiorum
448 1983 551 2045 iudicia
576 1985 634 2045 ltuc
658 1991 688 2045 et
712 1986 780 2047 illuc
805 1993 976 2046 convertunt
1001 1988 1071 2048 varii
1092 1993 1221 2048 eventus.
1259 1985 1299 2049 Et

69 2089 78 2096 ·
164 2066 311 2147 quomodo
336 2073 394 2124 tam
420 2065 520 2125 validis
539 2073 570 2126 et
589 2065 722 2126 violentis
741 2066 878 2127 machinis
896 2069 1059 2128 resisterent
1077 2065 1187 2148 profani
1206 2066 1299 2126 lromi-

163 2167 228 2219 nes,
259 2146 308 2226 qui
335 2144 389 2206 Dei
415 2143 525 2227 Spiritu
555 2165 613 2206 nou
640 2152 707 2205 sunt
731 2148 864 2226 regenitis
895 2165 985 2227 quum
1010 2149 1143 2228 singulari
1168 2145 1298 2208 coelestis

163 2227 269 2308 gratiae
295 2224 419 2286 subsidio
445 2243 518 2305 opus
537 2227 589 2299 sit,
611 2231 649 2286 uc
673 2227 835 2306 praevaleat
858 2227 958 2287 codem
977 2228 1098 2287 tentatio
1118 2229 1147 2286 in
1167 2226 1300 2286 cordibus

164 2307 289 2384 piorum,
310 2313 339 2366 et
359 2307 505 2384 contingat
525 2306 610 2364 etiam
630 2306 707 2385 ipsos
727 2305 867 2366 interdum
878 2325 1032 2367 concussos
1041 2306 1195 2368 labasceret
1214 2307 1299 2366 sicuti

161 2385 354 2525 glavidduunc
373 2385 480 2446 latetur
499 2403 530 2444 se
549 2381 653 2466 parurn
672 2385 795 2447 abfuisse
813 2405 832 2446 a
850 2386 953 2467 lapsu?
981 2385 1039 2445 Sed
1057 2403 1135 2446 nunc
1153 2385 1190 2444 ad
1210 2384 1298 2446 verba

181 2485 263 2526 escen
284 2486 310 2524 o.
479 2496 482 2515 ι

243 2549 271 2606 1.
291 2545 385 2628 Asqts
410 2545 510 2606 donas.
541 2541 717 2604 Aduerbium
736 2547 793 2640 ptt
813 2563 871 2623 quo
890 2541 990 2619 utitur,
1009 2562 1068 2601 uon
1087 2539 1212 2604 uflimnat
1230 2543 1297 2603 sim·

162 2625 273 2706 pliciter
292 2623 348 2684 hoc
368 2625 442 2697 loco,
461 2621 511 2684 sed
530 2622 706 2686 adversativa
726 2623 837 2703 capitur
854 2643 909 2703 pro
923 2630 1118 2682 remutamen.
1139 2619 1227 2700 Quod
1247 2641 1297 2683 au·

162 2712 220 2764 tem
240 2703 393 2784 abruptum
411 2703 481 2763 iacit
498 2701 657 2776 exordium,
676 2710 776 2764 notam
795 2700 1040 2783 operaepretium
1059 2689 1117 2762 esi:
1143 2711 1297 2782 antequam

162 2785 193 2844 in
219 2783 292 2842 hanc
312 2803 413 2842 vocem
433 2789 596 2863 erumperet
615 2781 724 2857 David,
750 2783 824 2842 inter
843 2781 940 2863 dubias
960 2788 989 2842 et
1007 2789 1167 2863 pugnantes
1178 2785 1296 2854 ‘senun-

150 2865 216 2923 ,tias
241 2869 392 2922 aestuasse.
433 2860 506 2922 Nam
526 2869 559 2922 ut
578 2869 711 2922 strenuus
730 2861 845 2935 athleta,
864 2863 988 2943 seipsum
1008 2868 1176 2923 exercuerat
1194 2863 1223 2921 in
1243 2882 1297 2944 pu·

161 2943 224 3023 guis
250 2937 433 3002 difficillimis:
457 2949 609 3022 postquam
642 2960 710 3000 vero
735 2941 785 3000 din
808 2941 989 3021 multumque
1012 2941 1138 3014 sudarit,
1163 2942 1297 3002 discussis
1420 2949 1421 2956 ’

160 3022 256 3100 impiis
280 3019 541 3101 imaginationibus,
566 3021 713 3080 constitnit
732 3018 828 3080 Deum
848 3027 943 3082 tamen
962 3023 1051 3081 servis
1071 3023 1130 3081 suis
1148 3041 1211 3082 esse
1231 3041 1296 3101 prc-

160 3103 276 3180 pitinm,
301 3106 331 3159 et
350 3101 447 3160 salutis
466 3119 566 3169 eorum
586 3099 675 3159 fidum
694 3118 757 3160 esse
776 3101 932 3161 custodem.
971 3099 1015 3160 lta
1034 3099 1131 3162 subest
1149 3102 1298 3162 antithesis

159 3183 234 3241 inter
254 3195 356 3260 pravas
376 3180 587 3260 imaginationes
608 3199 679 3259 quas
700 3187 877 3260 suggesserat
892 3179 993 3257 Satan,
1010 3187 1039 3240 ct
1059 3179 1115 3240 boc
1133 3199 1219 3241 varas
1237 3183 1297 3261 pie·
1329 3247 1334 3258 ,

161 3260 226 3320 tatis
255 3260 448 3318 testimonium
502 3280 539 3318 no
569 3279 646 3319 nunc
669 3277 700 3318 se
725 3257 888 3318 confirmat:
918 3261 976 3320 acsi
999 3259 1179 3320 malediceret
1202 3262 1296 3321 carnia

161 3357 230 3398 suae
255 3340 348 3397 sensui
374 3339 424 3418 qui
447 3279 650 3399 dudritationem
677 3337 827 3398 admiserat
852 3339 888 3399 dc
911 3339 1089 3420 providentia
1108 3339 1172 3400 Dei.
1213 3339 1296 3400 Nunc

161 3424 289 3479 tenemus
314 3437 401 3497 quam
424 3418 585 3498 emphatica
610 3419 645 3478 sit
664 3419 851 3479 exclamatio:
876 3421 942 3498 quia
967 3439 1026 3480 non
1050 3418 1295 3479 adscenditDavid

161 3503 334 3578 suggestum,
356 3503 390 3556 ut
409 3497 533 3578 disputet
553 3497 750 3578 philosophico
771 3518 864 3566 ruore,
888 3505 917 3558 et
937 3500 1076 3559 concinno
1096 3497 1215 3558 artificio
1236 3518 1296 3558 ser·

162 3595 277 3637 monem
303 3583 450 3636 contexat:
475 3576 525 3636 sed
549 3577 631 3656 quasi
657 3597 693 3636 err
717 3577 814 3637 inieris
834 3587 1004 3659 emergeret,
1028 3578 1114 3660 pleno
1134 3579 1236 3658 spiritu
1255 3579 1294 3638 ia·

161 3663 239 3717 ctare
269 3675 356 3735 quarn
386 3657 505 3737 adeptus
534 3663 596 3716 erat
625 3657 782 3717 victoriam.
808 3655 883 3718 Nam
902 3667 936 3718 nt
958 3678 1013 3718 suo
1038 3677 1119 3718 exem
1141 3657 1170 3716 lo
1195 3657 1297 3718 doceat

161 3755 248 3874 poam
267 3735 387 3794 arduum
407 3737 444 3794 sit
463 3742 615 3811 certamen,
634 3737 742 3794 viscera
763 3757 814 3796 sua
834 3735 1046 3818 quodammodo
1066 3678 1175 3816 prodrt
1192 3737 1223 3796 iu
1236 3755 1295 3796 ma·

182 3817 254 3888 ium,
280 3821 309 3873 et
334 3817 396 3893 plus
420 3815 527 3895 aliquid
548 3817 610 3874 vult
631 3817 747 3896 intelligi
767 3835 853 3896 quam
874 3818 966 3880 verbis
986 3816 1136 3898 exprimat
1176 3815 1297 3878 Summa

161 3901 218 3968 est,
243 3895 375 3973 quamvis
394 3893 424 3954 in
443 3897 565 3974 speciem
586 3895 709 3974 negligat
729 3894 810 3955 Dens
830 3917 897 3956 suos
917 3897 1055 3966 cultores,
1081 3895 1180 3956 lavore
1200 3905 1296 3956 tamen

161 3994 215 4033 suo
240 3993 291 4033 eos
315 3993 427 4053 semper
451 3975 616 4054 complecti,
645 3993 710 4034 nam
736 3975 895 4056 specialiter·
915 3973 968 4036 Dei
993 3977 1201 4057 providentiam
1225 3976 1297 4036 ccle-

161 4053 226 4112 lsrat
249 4054 278 4112 iu
304 4053 434 4134 regendis
459 4053 602 4114 fidelihus:
631 4061 665 4114 ut
688 4055 778 4116 sciant
802 4075 859 4114 non
885 4055 971 4116 modo
991 4057 1140 4138 cumlaliis
1160 4056 1297 4117 creaturis

163 4132 297 4192 divinitus
323 4153 354 4192 se
378 4131 544 4214 gubernari,
573 4133 624 4194 sed
644 4132 738 4192 Deum
764 4137 793 4194 in
812 4153 914 4204 eoram
934 4135 1054 4196 salutem
1075 4138 1209 4215 peculiari
1229 4153 1306 4206 carra

162 4211 322 4285 attendere,
347 4233 404 4272 non
424 4231 506 4272 secus
525 4233 560 4272 ac
577 4213 777 4294 paterfamilias
795 4213 915 4273 sollicite
934 4221 1016 4275 curat
1035 4234 1103 4276 suos
1117 4215 1296 4279 domesticos.

161 4289 286 4350 Tametsi
305 4311 374 4370 argo
392 4299 486 4352 totum
507 4294 604 4352 orirem
623 4293 792 4365 mederetur,
812 4291 968 4354 Ecclesiam
988 4301 1084 4356 tamen
1098 4313 1189 4368 suern,
1210 4315 1297 4372 qnam

162 4370 298 4434 terendam
317 4375 451 4454 suscepit,
471 4373 606 4454 propiore
625 4375 731 4436 intuitu
749 4373 890 4458 dignatur.
916 4371 995 4435 llaec
1013 4376 1086 4436 ratio
1106 4381 1150 4436 est
1165 4371 1300 4436 curPro·
