2844 4882
485 351 818 396 ΗΡΗΗῑῦΧΧ.
1170 361 1221 418 401

53 473 375 538 nominc'trmsstttrs
396 475 493 537 vocari
514 483 623 537 certum
648 477 706 552 est)
737 495 796 538 non
821 473 921 538 dubito
945 478 1013 559 quin
1037 499 1090 561 per
1107 479 1222 546 Mesech

53 554 194 616 Arabes
218 555 276 616 illis
297 557 406 616 vicinos
431 556 565 636 designet.
608 553 811 637 Quodsiquis
831 553 998 618 Mesechitas
1022 577 1039 620 a
1059 562 1159 641 peritia
1178 581 1222 624 sa·
1246 613 1249 635 ,
1300 575 1303 584 ’

55 633 203 714 gittandi
221 635 466 717 nomenadeptos
486 653 550 696 esse
574 641 671 716 putet,
695 654 754 696 non
778 655 848 716 repu
869 656 921 696 no:
951 636 1037 698 modo
1062 637 1097 700 de
1118 639 1172 701 hac
1190 661 1223 704 re
1249 664 1253 672 ·

56 713 253 789 conveniat,
281 713 471 795 Prophetam‚
500 714 559 775 acsi
584 715 614 774 iu
638 713 744 776 terram
769 734 837 794 prae
857 735 945 776 onum
974 715 1115 798 relegatus
1138 727 1222 798 esset,

56 793 172 854 durae
190 810 227 852 ac
244 793 383 854 molestae
402 793 580 854 habitationis
600 793 725 855 taedium
745 795 912 876 exprimere.
931 811 934 820 ’
952 793 1119 859 Tenendum
1145 802 1222 861 enim

58 865 777 1034 stttlttttlttttltztttttitt
790 873 1222 1020 ‘'iiiii‘'lliilbfflse'lllli
1273 969 1276 976 ·
1338 875 1340 882 ’

61 1049 141 1112 quo
162 1031 253 1112 magis
272 1031 371 1092 odiose
390 1033 592 1114 perstringeret
612 1030 708 1093 hostes
727 995 810 1108 ench,
835 1031 971 1102 consulto·
987 1035 1089 1100 atlerm
1107 1043 1137 1096 et
1156 1036 1221 1098 bar·

22 1167 30 1182 ,
61 1109 167 1170 haras
191 1116 289 1192 gentes
313 1110 357 1170 cle
377 1111 412 1186 't‚
441 1129 564 1192 quarum
588 1109 697 1172 ludaeis
721 1117 791 1172 nota
814 1117 878 1174 erat
902 1112 1033 1174 immanis
1058 1115 1218 1178 crudelitas.

64 1187 232 1251 Doeemur
250 1131 385 1251 solenh
561 1269 564 1276 ⁴

65 1271 202 1351 tingere,
217 1288 308 1352 ⁴upusaru
328 1269 396 1330 dum
416 1271 463 1350 pis
482 1276 511 1331 et
534 1272 651 1332 innoxie
670 1269 804 1346 virendo,
824 1270 979 1332 virulentas
998 1276 1094 1333 tamen
1113 1275 1220 1336 calum·

66 1351 144 1409 nias
164 1349 289 1428 elingere
306 1356 460 1430 nequeunt
499 1347 539 1409 Et
561 1349 718 1410 notandum
743 1356 800 1422 est,
830 1369 920 1430 quum
943 1351 974 1412 in
998 1352 1090 1432 patria
1114 1359 1220 1438 ageret,

68 1427 171 1490 iuius
190 1427 374 1510 inquilinam:
405 1431 472 1510 quia
491 1427 562 1489 nihil
581 1431 695 1510 gravius
713 1433 789 1490 esset
807 1445 963 1524 pravorum
982 1427 1130 1494 hominnm
1150 1453 1219 1495 oon·

68 1505 239 1568 suetudine.
260 1505 336 1568 Nam*
353 1507 420 1569 inde
438 1505 606 1604 collipimna
625 1507 707 1586 Deos
719 1528 758 1569 ex
777 1525 859 1570 emus
878 1507 1219 1592 Spirituloquutusesl,

68 1587 154 1648 nihil
179 1587 269 1668 magis
293 1607 355 1649 esso
380 1587 559 1658 detestabile,
589 1606 677 1668 quam
699 1587 786 1648 talcar
811 1587 1034 1664 criminationes,
1063 1608 1138 1670 quse
1162 1590 1220 1654 Dei

21 1667 22 1744 j
68 1665 239 1727 Ecclesiam
263 1665 347 1728 loeda
367 1670 499 1728 vastitate
522 1665 694 1729 deformant:
724 1673 757 1727 ut
781 1663 851 1725 nihil
875 1667 934 1727 lere
953 1685 971 1728 a
990 1667 1134 1730 latronum
1153 1691 1218 1753 spe·

69 1747 175 1806 lunch
199 1746 247 1806 vel
271 1745 342 1807 locta
366 1745 403 1806 ob
428 1746 577 1806 barbaram
601 1746 741 1807 feritatem
764 1744 916 1806 infamibus
947 1745 1066 1808 differat.
1107 1747 1218 1811 Iamsi

72 1827 163 1886 triste
182 1825 300 1884 exilium
319 1832 364 1886 est
382 1823 447 1886 filiis
467 1825 532 1900 nei,
553 1824 602 1886 ubi
620 1827 731 1887 iniustis
751 1825 905 1885 mendaciis
925 1825 1054 1886 obruitur
1074 1823 1217 1891 honorum

73 1905 239 1984 integritas,
259 1904 405 1984 quomodo
423 1905 543 1965 libenter
562 1911 591 1965 et
610 1907 670 1966 sine
689 1904 870 1965 acerbissimo
891 1924 1021 1966 moerore
1035 1923 1145 1969 morsm
1159 1914 1216 1969 tra·

386 1191 410 1250 is
420 1189 525 1268 verbis,
544 1189 610 1250 filiis
621 1189 677 1253 Dei
696 1191 747 1251 vix
766 1189 857 1252 ullum
877 1190 1004 1252 acerbius
1024 1192 1132 1254 malum
1152 1215 1220 1260 con·
1334 1229 1336 1240 ·

75 1983 184 2046 herent
202 1985 233 2043 in
252 2003 287 2044 eo
306 1985 381 2061 loeo,
400 1981 450 2044 nbi
463 1983 613 2044 horrendis
628 1981 808 2064 blasphemiis
821 1984 944 2064 turpiter
958 1983 1090 2046 foedatur
1103 2006 1218 2049 sacrum
1333 1987 1340 1998 '

77 2061 141 2122 Dei
164 2080 285 2136 nomen,
313 2069 344 2124 ct
368 2061 510 2144 sacrilegis
535 2061 689 2124 mendaciis
714 2061 882 2122 obscuratur
905 2051 1029 2124 veritas?
1067 2061 1219 2129 Exclamat
1400 2103 1401 2110 κ

77 2141 194 2218 David,
225 2145 281 2203 llct
303 2145 389 2219 mili,
418 2143 484 2226 qnia
509 2161 524 2201 a
546 2141 586 2201 ud
610 2141 783 2201 adulterinos
807 2141 908 2202 iratres
931 2141 1074 2224 indignam
1125 2147 1217 2207 ietatis
1283 2207 1287 2212 Δ
1400 2157 1401 2214 ἶ

80 2241 153 2283 suae
173 2222 331 2283 mercedem
351 2229 485 2304 reportet.
516 2162 617 2301 {unm
635 2222 722 2302 igitur
741 2219 825 2282 hodie
844 2221 873 2280 iu
893 2219 1005 2306 Papatu
1025 2223 1135 2303 probris
1156 2245 1216 2288 om·
1400 2233 1401 2242 ’

79 2302 168 2364 nibus
188 2302 334 2384 inquinata
353 2304 391 2363 sit
410 2301 523 2384 religio,
554 2320 642 2382 mum
663 2301 804 2362 laceretur
827 2300 912 2374 tides,
943 2321 1031 2382 quum
1053 2302 1105 2364 lux
1124 2307 1152 2366 in
1172 2311 1216 2367 te·
1287 2360 1291 2372 ‚

79 2375 184 2442 nebras'
204 2401 340 2443 conversa
360 2383 405 2456 sit,
425 2379 539 2462 Deiqoe
558 2381 689 2442 maiestas
713 2382 814 2441 crassis
833 2377 960 2442 ludibriis
980 2379 1114 2460 subiecta,
1138 2381 1216 2448 certo

79 2463 113 2522 in
154 2459 236 2521 nibus
255 2463 284 2519 vi
304 2461 362 2522 ebit
379 2461 492 2543 pietatis
511 2479 625 2538 sensus,
649 2479 709 2523 non
727 2461 864 2545 poterunt
882 2459 943 2522 sine
961 2461 1067 2544 ingenti
1087 2466 1215 2528 cruciatu
1298 2485 1300 2490 ¹
1400 2449 1401 2510 l

79 2543 112 2602 in
133 2543 140 2559 ⁸
164 2542 187 2601 is
206 2481 337 2601 sordihus
355 2542 455 2604 iacere.

162 2623 191 2684 6.
216 2621 357 2716 'Multum
380 2624 522 2684 lodhoott
546 2627 649 2718 putmo
671 2645 746 2683 meo.
780 2619 850 2718 'lam
880 2623 940 2684 sine
970 2621 1060 2704 ligura
1090 2623 1215 2688 ostendit

81 2718 267 2841 attriti
284 2699 347 2862 ‘lt
368 2707 580 2842 tfftttttt.
593 2699 1215 2873 tsMittit-ttliltttlffietttt‘:

86 2863 191 2921 Osos-es
209 2864 305 2920 autem
346 2867 410 2922 acts
428 2879 489 2922 esse
509 2859 585 2934 dicit,
606 2861 673 2942 quia
692 2858 774 2920 honis
793 2868 823 2922 ct
840 2861 1090 2923 insontibusultro
1106 2861 1213 2926 bellum

24 2957 27 2963 “
84 2939 217 3000 inierant:
242 2941 326 3000 slcuts
348 2939 428 3001 addit
452 2941 588 3000 continuo
608 2947 674 3022 post
693 2939 746 2999 sihi
765 2939 802 2999 ad
821 2959 921 3020 pacem
942 2941 1133 3021 quaerendam
1153 2945 1213 3004 ani·

84 3037 162 3079 mum
181 3018 267 3079 luisse
306 3037 468 3100 repensum,
487 3020 546 3079 imo
566 3035 597 3079 se
614 3038 732 3101 prorsus
746 3018 871 3080 deditum
885 3020 971 3080 luisse
983 3022 1055 3100 paci,
1075 3027 1103 3080 et
1115 3025 1213 3084 omnia

85 3103 205 3158 tentasse
224 3096 259 3156 ad
279 3037 343 3158 illos
362 3099 415 3159 sihi
435 3097 639 3170 conciliandos,
658 3099 713 3158 nisi
730 3098 915 3180 implacabilis
935 3101 985 3159 eos
1005 3099 1155 3161 crudelitas
1174 3101 1212 3162 ad

86 3175 242 3237 nocendum
262 3175 428 3258 impelleret.
453 3175 553 3258 Quum
574 3177 649 3251 dicit,
669 3180 739 3260 Ego
755 3201 821 3260 poe
831 3179 878 3238 vel
896 3197 1008 3261 pacem,
1028 3178 1147 3260 abrupta
1167 3187 1212 3242 est
1253 3203 1258 3222 ¹

48 3259 53 3272 '
86 3255 227 3336 lupentio,
257 3275 315 3316 non
341 3265 436 3318 tomen
460 3258 596 3330 obscura,
625 3257 734 3318 nullam
757 3257 793 3317 ab
816 3259 879 3338 ipso
903 3257 1059 3339 prolectam
1078 3259 1212 3320 iniuriam

88 3353 158 3416 quae
182 3333 253 3395 odiis
278 3338 456 3398 occasionem
486 3335 660 3418 praebuerit:
689 3337 747 3396 acsi
771 3335 877 3396 diceret
902 3354 919 3397 a
963 3343 1024 3397 arte
1049 3355 1100 3397 sua
1125 3338 1212 3399 luisse

88 3431 190 3496 pacem.
216 3412 298 3478 Ultra
313 3417 398 3476 etiam
413 3415 550 3498 procedit,
570 3435 601 3476 se
616 3414 724 3476 dedisse
738 3433 854 3496 operam
868 3421 901 3476 ut
920 3357 1044 3476 ehensos
1063 3417 1212 3497 mitigaret,

88 3499 170 3574 atque
189 3493 224 3552 ad
244 3495 427 3556 concordiam
445 3495 605 3556 adduceret.
625 3493 698 3556 Nam
718 3497 799 3578 loqui
816 3493 982 3554 tantundem
1002 3493 1078 3556 valet
1097 3514 1131 3556 sc
1151 3495 1211 3576 pla·

88 3573 146 3633 cide
168 3573 271 3633 offerre
294 3576 371 3655 pacis
395 3574 585 3650 conditiones,
614 3575 661 3635 uel
686 3573 721 3634 de
744 3574 972 3634 reconciliatione
995 3592 1087 3658 agere.
1127 3574 1212 3636 Unde
1328 3581 1329 3584 ’

88 3651 182 3712 melius
201 3651 291 3734 liquet
310 3673 396 3735 quam
415 3655 576 3715 truculenta
595 3653 681 3715 fuerit
699 3653 825 3714 hostium
845 3651 966 3714 Davidis
984 3653 1131 3735 superbia,
1159 3655 1213 3736 qni

88 3731 224 3792 hominem
244 3732 280 3792 de
298 3753 329 3794 se
349 3733 419 3795 bene
439 3736 585 3807 meritum,
611 3740 640 3794 et
658 3752 675 3794 a
695 3753 754 3815 qno
773 3751 920 3813 nunquam
941 3733 1009 3793 laesi
1029 3733 1153 3810 lucrant,
1174 3753 1211 3795 ne
1330 3774 1339 3792 .

89 3810 206 3892 alloquio
226 3811 341 3892 quidem
362 3814 468 3894 dignati
487 3815 552 3873 sint.
572 3811 719 3874 Docemnr
738 3819 832 3873 autem
853 3812 986 3894 exemplo
1004 3809 1131 3888 Doridis,
1152 3833 1211 3874 nou

89 3889 210 3951 sufficere
229 3891 254 3952 si
269 3891 370 3954 lideles
390 3892 550 3953 abstineant
569 3893 605 3954 ab
624 3894 742 3967 iniuria,
770 3893 824 3952 nisi
849 3895 933 3953 etiam
958 3894 1077 3952 comiter
1095 3891 1212 3952 allicere

89 3970 226 4046 studeant,
255 3978 286 4032 et
309 3973 345 4033 ad
371 3971 597 4035 benevolentiam
620 3973 742 4032 llectere.
783 3969 870 4052 Quod
894 3973 918 4032 si
942 3972 1086 4054 respuitur
1109 3989 1210 4032 eorum
1242 4047 1248 4054 ι

89 4049 267 4111 modestia'et
285 4055 428 4133 aequitas,
458 4055 596 4134 patienter
620 4057 786 4132 exspectent
811 4051 878 4126 dum
900 4053 1004 4112 vindex
1024 4070 1041 4110 e
1060 4050 1140 4110 coelo
1161 4069 1210 4130 ap·

89 4135 186 4208 pareat.
226 4127 438 4194 lllcmiucn'mos
457 4138 552 4192 tamen
572 4131 718 4192 serendum
738 4151 799 4192 esse
819 4151 915 4192 morae
934 4132 1073 4202 taedium,
1102 4131 1126 4189 sl
1151 4149 1211 4190 non

90 4209 175 4268 statim
193 4227 310 4272 manum
331 4231 414 4274 suam
434 4208 651 4273 exseratDeus:
672 4211 755 4272 sicuti
765 4211 894 4272 videmus
912 4211 942 4270 in
962 4209 1017 4270 hoc
1027 4207 1142 4268 Psalmo
1153 4207 1211 4268 Da·

89 4286 172 4349 videm
191 4291 295 4370 gratim
315 4291 350 4352 ds
370 4309 422 4353 sua
442 4291 606 4353 liberatione
616 4289 680 4352 Deo
695 4309 787 4372 agere,
806 4298 836 4353 et
850 4297 955 4364 tamen,
975 4291 1056 4372 quasi
1070 4289 1210 4370 languore
1254 4313 1256 4320 ⁴

90 4366 248 4446 conlectum,
268 4369 386 4454 longam
405 4373 619 4454 oppressionem
638 4370 749 4458 dehere.
849 4441 853 4452 ⁸

109 4461 205 4506 orte...
218 4463 240 4506 s·
255 4467 336 4511 rana.
351 4471 413 4512 ran.
427 4470 458 4512 u.
858 4459 863 4468 ‘
894 4449 935 4514 26
973 4471 976 4478 ’
1012 4505 1027 4526 .,
1090 4453 1096 4467 ’
