2816 4880
206 315 261 374 524
484 315 490 344 t
628 317 913 384 retrursus

207 440 302 510 fuisse
322 436 396 500 Nam
414 437 468 498 etsi
487 435 587 518 populi
606 456 676 520 opes
694 457 753 499 non
774 455 877 518 parum
896 419 997 499 suetas
1015 436 1132 500 luerunt
1150 437 1202 500 snb
1223 435 1339 500 blashe-

165 571 169 578 .
207 519 298 596 bseir,
326 521 377 579 rix
397 524 491 578 tomen
511 515 568 578 boe
587 518 616 576 io
642 518 781 580 rationem
800 521 896 578 venire
915 517 1013 590 dehet,
1041 520 1095 578 nisi
1143 527 1267 580 antenus
1293 519 1339 580 illo

207 599 331 664 remedio
350 597 492 658 lebentem
511 598 650 677 populum
670 595 752 658 Deus
775 599 909 658 sustinuit
935 617 968 656 us
1008 617 1025 657 e
1049 598 1084 657 ad
1106 539 1211 659 christi
1233 597 1357 672 aaron,

207 685 279 740 tum.
300 677 466 738 Tenendum
485 679 561 738 enim
580 684 623 738 est
643 677 807 736 vaticinium
826 676 896 738 illud
916 675 980 736 lsoo
1000 721 1009 752 ‚
1031 677 1103 736 Gen.
1125 679 1173 750 49,
1194 681 1243 740 10.
1278 676 1339 738 Non

207 759 295 820 exibit
314 753 456 838 sceptrum
472 776 493 816 e
512 755 590 827 luda,
612 755 702 818 doueo
721 759 816 817 veniat
834 755 906 820 Silo.
945 757 1035 836 Atqui
1054 776 1092 816 ex
1111 757 1165 817 slis
1186 757 1267 816 tribn
1288 763 1338 816 ori-

206 838 274 899 undi
294 843 377 899 erent
389 834 562 896 Maehshaei.
581 835 664 898 Unde
682 838 819 916 seqnitur,
837 835 994 916 legitimam
1014 836 1141 898 ordinem
1161 844 1233 896 tune
1254 835 1340 896 luisse

158 959 160 966 s
207 917 389 998 dissipatum,
418 935 472 975 neu
493 935 576 996 posse
595 918 685 995 megia
703 917 734 974 in
752 916 808 976 illia
828 917 952 987 victoriis
971 914 1082 976 fundari
1103 916 1215 976 leliuem
1236 915 1339 996 populi

205 1003 327 1067 ststum,
353 1015 439 1076 quom
458 996 548 1078 siquis
566 995 723 1056 osuuuum
743 997 773 1054 in
792 1001 859 1056 aere
878 993 1040 1074 suspendet.
1079 993 1117 1054 lit
1137 996 1253 1056 videtur
1273 1014 1338 1054 ooo·

170 1119 173 1128 s
205 1077 282 1138 solto
302 1075 382 1135 Deus
407 1083 476 1136 tono
499 1077 649 1156 imperium
672 1073 821 1136 abstulisse
846 1092 863 1135 a
888 1075 964 1134 tribu
989 1071 1072 1146 lodo,
1101 1095 1138 1135 ne
1162 1077 1340 1155 prosperitas

205 1157 255 1218 illa
273 1155 423 1216 inebriaret
442 1157 554 1236 piorum
573 1159 695 1216 animos:
716 1155 800 1216 sirati
818 1155 909 1214 maior
928 1171 994 1234 pars
1009 1155 1164 1234 insignibus
1180 1154 1238 1214 illis
1250 1156 1337 1212 vieto·

204 1239 255 1306 riis
278 1233 457 1316 superbiens,
485 1249 582 1296 verum
606 1241 635 1296 et
659 1235 778 1316 solidam
807 1233 1030 1315 redemptionem
1060 1236 1193 1314 neglexit.
1238 1229 1338 1312 Quum

205 1335 273 1397 ergo
293 1315 329 1376 de
349 1315 472 1395 perlecta
492 1313 590 1396 populi
610 1313 741 1373 felicitate
759 1312 808 1373 hie
828 1311 946 1372 disserat
958 1307 1109 1392 Propheta,
1128 1315 1338 1392 sequitnreoro

203 1393 538 1476 respioereerlhiessiam,
558 1395 674 1486 ne‘eius
693 1411 758 1474 spes
778 1411 812 1452 se
831 1391 999 1452 desiderium
1018 1395 1048 1452 in
1068 1391 1201 1454 cordibus
1221 1393 1336 1474 piorum

203 1480 264 1536 m
283 1471 1075 1690 hiohpdnpsuoqihhtdnuohd'liiiiigrrtehbheeriddeeswseerdientiss,
1095 1551 1197 1633 quibus
1217 1551 1260 1612 ad
1280 1571 1335 1612 sse

203 1633 301 1692 vitium
321 1653 400 1714 popu
413 1652 460 1692 nm
470 1629 525 1692 Dei
544 1650 654 1692 armore
674 1633 750 1690 visus
770 1638 822 1690 est.
841 1627 907 1691 Hoe
926 1651 995 1690 vero
1014 1635 1105 1712 prima
1125 1633 1218 1712 speeie
1239 1631 1334 1692 absur-

125 1779 129 1788 ,
204 1711 273 1772 dum
292 1720 364 1784 erat,
385 1713 435 1792 qui
454 1711 540 1791 puolo
559 1719 625 1771 ante
639 1712 733 1784 auerti
758 1709 869 1772 luerunt
888 1715 1037 1788 mansueti,
1057 1731 1133 1772 onae
1152 1713 1260 1771 strictis
1280 1713 1334 1792 gls-

151 1819 157 1826 ·
204 1790 266 1854 otio
276 1792 368 1852 emitti
388 1790 424 1850 ad
443 1798 549 1870 strages
569 1790 674 1872 ubique
693 1789 824 1860 mendas,
844 1787 1076 1872 tundenduruque
1095 1789 1255 1852 homaouni
1275 1811 1334 1850 sso-

226 1871 332 1944 ninom,
362 1869 430 1950 qnid
454 1871 531 1940 enim
554 1869 611 1932 hoe
635 1889 701 1929 eum
724 1869 940 1930 mansuetudine
960 1867 1047 1932 silioo
1064 1869 1166 1931 hebeti
1205 1870 1269 1931 Sed
1290 1870 1333 1929 uhi

218 1951 285 2011 leus
305 1951 366 2032 ipse
384 1949 524 2010 vindictae
543 1956 587 2010 est
606 1957 716 2020 auetor,
740 1957 849 2010 reolum
869 1924 1002 2011 iudicium
1022 1957 1073 2024 est,
1092 1969 1151 2009 non
1170 1951 1332 2010 erudelitas.

185 2028 304 2110 iisque
329 2049 418 2110 qaum
444 2029 490 2089 hie
513 2027 545 2089 lit
570 2031 676 2089 mentio
700 2031 805 2090 iudicii
823 2036 942 2110 scripti,
970 2029 1104 2090 admonet
1121 2027 1271 2110 Propheta
1290 2028 1332 2088 Iu·

203 2111 290 2169 dseos
310 2108 366 2170 Dei
384 2109 518 2170 mundato
537 2107 624 2168 ladsse
643 2117 765 2170 armatos
785 2107 821 2168 ad
841 2107 1008 2182 libertatem,
1029 2127 1086 2189 qno
1105 2111 1207 2170 iniuste
1226 2110 1266 2168 ab
1285 2129 1333 2168 ex-

203 2189 271 2250 teris
295 2196 325 2248 et
347 2191 476 2267 tyrannis
500 2189 601 2268 privati
626 2195 721 2261 erant,
750 2187 961 2262 vindicandam,
990 2195 1078 2268 atque
1100 2190 1140 2248 ita
1164 2207 1222 2250 non
1251 2207 1332 2270 passe

203 2268 322 2350 culpari,
341 2268 419 2349 quod
439 2269 551 2329 exeunti
571 2269 627 2328 sint
646 2267 781 2330 iudicium
801 2269 948 2346 seriptum.
967 2265 1079 2346 Frigido
1093 2269 1167 2332 euim
1177 2271 1332 2350 exponitur

202 2347 251 2410 bie
274 2347 354 2408 loeus
379 2347 427 2408 ubi
450 2368 508 2408 non
533 2353 645 2408 leuetur·
668 2347 725 2408 hoe
744 2345 903 2428 Prophetae
928 2345 1094 2422 eonsilium,
1123 2347 1201 2428 quod
1225 2348 1331 2408 scilieet

202 2423 322 2502 iudaeos
341 2428 377 2487 ad
397 2433 579 2523 praeceptum
601 2425 655 2486 Dei
675 2433 804 2501 revoeet,
834 2425 936 2506 nequid
961 2429 1117 2510 suscipiant
1136 2429 1254 2509 propria
1274 2427 1329 2486 libi·

203 2507 283 2582 dine,
307 2507 476 2586 irenomqoe
503 2507 628 2568 rniieioat
647 2506 683 2566 orl
702 2505 889 2568 cohibendum
910 2525 1009 2568 eorum
1029 2511 1183 2568 terrorem:
1213 2509 1273 2570 sesi
1292 2507 1327 2567 di·

136 2582 139 2589 ’
202 2595 289 2660 oeret,
307 2607 366 2648 non
385 2585 470 2646 aliam
527 2587 615 2646 rmitti
634 2586 787 2646 uindictam
807 2585 872 2646 tiliis
884 2583 949 2662 Dei,
969 2587 1024 2647 nisi
1044 2587 1270 2668 quaereretioni
1288 2605 1328 2646 re·

202 2667 355 2748 spondeat:
386 2667 453 2746 qriia
477 2668 526 2728 ui
551 2667 671 2746 quiaque
695 2667 812 2748 proprio
831 2665 941 2746 impetu
960 2663 1064 2740 ier-tur,
1094 2667 1188 2726 nnllus
1207 2673 1250 2726 eat
1269 2685 1325 2724 mo·

203 2747 342 2808 derationi
360 2746 452 2809 loeus·
491 2743 585 2808 Obiiei
604 2747 690 2806 etiam
710 2751 805 2826 posset
825 2745 880 2805 sliu
887 2747 1044 2883 Ω(Γιειεεῑίο,
1059 2765 1125 2807 nam
1144 2746 1226 2806 aienti
1245 2745 1324 2806 Chri·

202 2833 280 2901 stus,
299 2823 399 2892 Matth.
420 2830 468 2900 12,
488 2829 536 2890 20.
556 2826 667 2886 venisse
687 2824 789 2885 dieitur
808 2827 869 2888 sine
915 2844 1011 2886 amore
1030 2833 1059 2884 et
1078 2829 1213 2907 strepitu,
1226 2823 1266 2886 ¹ut
1284 2841 1326 2884 rs·

202 2905 311 2970 lemnm
331 2913 496 2986 quassatum
515 2925 573 2966 non
594 2902 702 2966 eonlrin
723 2911 764 2963 at:
794 2906 833 2963 its
852 2903 971 2964 eaodem
991 2905 1050 2965 auis
1070 2923 1221 2987 personam
1240 2908 1326 2984 impo-

201 2987 259 3060 nit,
279 2985 383 3045 solutio
404 2993 498 3045 temen
519 2981 607 3044 lucilio
627 2990 683 3056 est,
704 2925 852 3066 {hristum
871 2983 955 3044 simul
974 2983 1067 3046 lerreo
1085 2992 1198 3068 seeptro
1218 2985 1328 3056 armori,

203 3085 263 3146 quo
283 3063 400 3124 rebelles
427 3081 525 3124 omnes
550 3069 691 3123 conterat:
722 3068 752 3122 et
776 3059 845 3124 lesa.
867 3063 915 3136 63,
934 3069 962 3126 2.
990 3063 1108 3127 describi
1133 3037 1327 3146 sangdiuolen·

89 3183 96 3198 .
202 3145 345 3238 tom„qui
364 3144 453 3205 eaesis
472 3141 577 3224 passim
596 3139 735 3216 hostibus,
754 3141 897 3203 eredendo
917 3150 1012 3204 tamen
1030 3165 1090 3208 nun
1109 3145 1248 3226 fatigetur.
1270 3141 1326 3204 Neo

201 3242 272 3284 vero
292 3243 394 3285 mirum
414 3224 468 3296 est,
488 3242 577 3301 quum
596 3229 674 3282 totus
692 3221 817 3282 mundus
837 3223 936 3304 plenus
956 3225 1187 3298 sitkuontumaoim
1206 3224 1327 3284 elemen-

171 3313 174 3320 '
201 3304 270 3366 tiam
291 3321 365 3384 quae
384 3303 498 3384 indigne
517 3302 671 3382 respuitur,
701 3302 731 3360 in
751 3303 927 3363 severitatem
948 3305 1082 3364 converti.
1123 3303 1181 3364 lam
1202 3303 1326 3364 doctriua

201 3380 273 3444 haee
292 3385 333 3442 sio
352 3377 382 3442 in‘
403 3402 486 3444 nsum
505 3387 635 3452 nostrum
655 3380 745 3462 probe
764 3381 970 3442 accommodari
988 3385 1099 3464 poterit,
1118 3383 1195 3462 quod
1216 3383 1250 3444 de
1269 3383 1325 3462 gls-

167 3503 170 3518 .
201 3461 249 3522 dio
269 3461 386 3558 ancipili
404 3459 513 3557 dieitur,
538 3462 716 3555 poeulieriler
734 3467 895 3555 eorppetere
908 3463 943 3556 'io
963 3461 1091 3536 ludaeos,
1115 3461 1325 3558 nobistproprie

200 3548 397 3704 lilith
414 3541 709 3702 tttttltttllt
723 3539 813 3680 {tlt
826 3539 1324 3704 stitit„titillattttt

200 3700 332 3762 niendern
353 3719 467 3764 omnem
487 3699 662 3760 violentiam:
683 3697 731 3760 sed
751 3699 880 3780 specialis
899 3707 943 3759 est
963 3703 1084 3760 vocatio.
1124 3699 1271 3780 Quantum
1290 3699 1323 3760 sd

200 3787 294 3844 totum
314 3777 456 3850 Euelesiae
480 3799 584 3860 oorpua
609 3785 733 3860 spectat,
762 3781 833 3838 otius
858 3799 935 3838 nune
959 3779 1070 3862 gladius
1094 3781 1176 3840 nobis
1196 3782 1279 3841 datur
1295 3783 1323 3839 io

198 3879 326 3932 manum,
346 3858 423 3920 verbi
443 3857 557 3926 sellio-s.
577 3877 611 3918 ae
630 3857 762 3938 Spiritus,
782 3879 840 3941 quo
861 3857 1090 3920 maotemnsDeo
1109 3861 1139 3920 in
1158 3859 1323 3923 sserilieium

200 3943 250 4021 qui
271 3941 348 4021 prius
368 3939 479 4000 luerunt
498 3937 607 4000 hostes:
637 3937 684 3998 vel
707 3939 792 4002 etiam
818 3959 876 4018 qno
899 3959 950 3998 eos
969 3939 1113 4004 tradamus
1132 3941 1161 4000 in
1181 3947 1323 4000 eneruem

100 4011 103 4023 '
199 4021 320 4080 exitium
339 4019 393 4078 nisi
417 4017 589 4098 resipiscunt.
629 4015 703 4078 Nam
732 4015 810 4098 quod
836 4018 871 4076 de
896 4015 1009 4079 Christo
1033 4021 1204 4080 vaticinatur
1226 4019 1323 4078 lessus

199 4117 262 4194 cap.
284 4103 331 4193 ll,
351 4099 378 4237 lt.
400 4098 439 4191 ad·
457 4097 640 4236 prnpip'eiua
664 4099 790 4160 membro
814 4103 907 4238 pptertd
924 4097 1080 4238 ‘iohqciuh
1099 4099 1219 4239 impium
1239 4099 1321 4236 sepho

199 4195 335 4318 titiis
350 4195 964 4336 ‘mitt,lsttlt‘tttlhltitt
994 4197 1116 4319 sinisii
1134 4196 1322 4319 stitit
1376 4321 1379 4336 ,

199 4335 303 4396 lrustra
349 4337 495 4396 romisaam
520 4334 575 4404 illis
599 4355 661 4396 esse
680 4335 833 4396 vindictum
854 4336 890 4397 ds
909 4335 1046 4397 hostibus.
1086 4335 1166 4398 Deus
1187 4339 1260 4400 euim
1279 4337 1321 4411 (ut

144 4421 152 4442 ‘
197 4435 290 4497 nuper
308 4413 382 4490 disi)
402 4411 438 4475 ud
457 4413 592 4508 iudicium
611 4415 747 4498 seriptum
767 4436 819 4478 nor
839 4435 985 4508 revocans,
1006 4423 1065 4478 tam
1084 4417 1193 4478 animos
1213 4427 1321 4477 nostros
