2816 4880
436 305 480 346 rs
512 305 776 350 resumeret.
1144 307 1200 366 433

40 429 211 502 cultores,
230 425 360 508 quamvis
379 445 396 486 a
416 427 565 490 sutiitu'et
584 424 748 488 solennibus
768 426 910 488 sacr-illeiis
929 427 1079 500 excludar,
1100 447 1137 490 ns
1155 438 1198 492 ta·

42 529 123 568 men
162 515 235 568 vota
265 527 327 570 mea
356 507 486 587 repudies
515 503 643 566 oDeus.
683 505 740 566 Sed
764 507 833 645 quis
856 507 933 566 nulla
953 511 1024 568 ratio
1044 509 1120 588 cogit
1139 516 1198 572 tam

43 587 197 646 restricte
215 590 351 666 accipere,
371 585 496 646 contenti
515 587 603 646 simus
621 587 745 668 &uenali
784 587 905 647 nctrina:
933 589 999 664 quia
1019 586 1062 646 his
1082 589 1197 666 symbo-

44 667 85 724 lis
117 664 354 728 admonebantur
379 663 488 740 fideles,
518 687 576 726 non
599 685 680 726 meus
700 671 830 746 acceptas
849 686 911 726 esse
931 663 995 726 Deo
1016 685 1113 746 preces
1133 687 1199 729 suas

44 763 149 822 quam
178 745 340 807 suavissimi
359 745 454 806 odoris
473 745 602 806 suffitum
621 751 649 806 et
669 747 777 824 optima
796 745 946 816 sacrificia,
973 743 1111 805 Davidem
1132 746 1199 809 binc

45 825 122 884 fidoi
151 821 399 885 confirmationem
426 830 528 903 petere.
568 822 629 884 Etsi
648 825 722 886 enim
741 825 867 884 externis
885 825 941 884 illis
960 829 1125 886 ceremoniis
1144 829 1198 888 mi·

47 906 135 964 nime
168 903 254 964 affixi
282 910 363 966 aram
381 902 494 976 Patres,
524 902 622 964 debuit
650 911 744 964 temen
765 901 859 964 Dnvitl
889 903 960 965 baec
980 905 1147 966 adminicula
1167 909 1197 968 in

49 1003 144 1044 nsum
178 1003 265 1045 suurn
294 990 401 1062 spiare.
443 981 519 1062 Quia
545 1004 613 1044 ero
637 1003 735 1044 mcum
755 989 870 1064 reputat
887 1004 946 1044 non
967 989 1071 1044 temere
1090 985 1198 1048 adoleri

50 1062 195 1142 quotidie
214 1061 342 1122 sulfiturn
363 1064 391 1122 in
412 1063 493 1123 nltari
512 1083 549 1124 ex
568 1005 623 1122 tlet
642 1062 785 1137 mandatu,
805 1082 858 1122 nec
877 1063 979 1122 trustra
999 1065 1082 1124 etiam
1103 1066 1198 1126 ollerri

51 1142 579 1282 lllli·ll‘l‘l³””¹¹¹d.l”l.sll⁰
602 1141 1197 1283 ltt¹t.⁰”¹tt..tt.⁰t.ttt.⁰ttt⁰tt

54 1247 192 1370 15&th
213 1247 362 1362 lrocnlollltn
372 1308 488 1362 vertunt
507 1243 626 1372 munla,
646 1241 800 1361 aleculant
819 1302 877 1361 imo
898 1263 1084 1380 corrumprlnt
1103 1245 1198 1380 gerllull

53 1400 131 1440 rrum
152 1379 317 1460 Prophetae
337 1400 459 1440 sensum.
492 1377 588 1460 Quam
609 1380 801 1462 trigideenirn
821 1378 947 1440 diceret?
976 1378 1080 1440 Munus
1101 1401 1197 1443 meum

54 1460 110 1518 tibi
133 1461 258 1539 placeat,
277 1463 349 1520 sicut
369 1480 472 1520 munus
493 1462 694 1541 vespertinum.
714 1459 773 1520 lam
794 1479 882 1539 quum
898 1478 1001 1520 nomen
1016 1457 1071 1520 boc
1086 1465 1197 1532 ³8le

56 1539 243 1618 deductum,¹
265 1539 384 1600 clevatio
405 1541 441 1598 sit
460 1537 604 1612 Hebraeis,
624 1541 731 1620 optime
750 1539 897 1611 convenit,
926 1541 1083 1598 orationem
1105 1544 1197 1602 notari

55 1618 94 1678 ab
116 1627 241 1680 externo
262 1627 349 1699 gestu
371 1617 408 1678 Et
428 1619 509 1680 iaeils
528 1625 650 1692 constat,
664 1617 806 1678 Davidem
825 1636 878 1677 sno
898 1636 978 1680 more
997 1617 1073 1678 idem
1092 1620 1135 1678 bis
1155 1639 1197 1682 rc·

57 1706 170 1777 petere.
212 1695 357 1778 Quorsum
388 1717 457 1759 vero
482 1717 595 1779 semper
620 1697 733 1777 publico
758 1696 883 1776 gentium
909 1698 1037 1756 omnium
1057 1717 1198 1759 consensu

58 1784 216 1917 rqceptprq
234 1779 319 1840 tuerit
337 1796 438 1838 manus
456 1777 487 1838 in
507 1777 619 1838 coelunt
638 1777 738 1838 tollere
756 1779 831 1838 inter
850 1773 1042 1858 precandum,
1070 1779 1136 1838 alibi
1156 1778 1196 1840 di-

61 1877 143 1916 cum
177 1877 227 1916 ιιι.
903 1879 909 1902 ⁶

145 1939 176 1998 3.
196 1940 282 1998 Pone
310 1937 428 1996 ledono.
468 1931 544 2013 Quia
569 1935 666 1996 effreni
690 1933 815 1994 bostium
844 1954 960 1996 suornm
980 1935 1097 1995 saevitia
1117 1941 1147 1996 et
1165 1935 1198 1996 li·

62 2013 161 2076 bidiue
192 2013 304 2076 concuti
336 2015 428 2094 potuit
446 2011 556 2088 David,
588 2021 621 2074 ut
640 2033 671 2072 se
689 2015 782 2073 minus
801 2020 991 2094 temperanter
1010 2021 1133 2094 gereret,
1157 2015 1197 2076 di·

66 2095 177 2154 vinitus
201 2113 231 2154 sc
255 2093 403 2174 gubernari
430 2095 514 2176 petit:
544 2112 597 2154 nec
616 2091 702 2152 modo
723 2111 823 2152 manns
843 2111 908 2152 suas
927 2091 1051 2152 cohiberi
1069 2113 1087 2152 a
1107 2095 1196 2155 vindl-

65 2182 126 2246 cta‚
161 2174 211 2232 sed
231 2174 355 2253 linguam
376 2192 491 2254 quoqne
510 2181 570 2234 um
588 2191 606 2234 a
625 2170 794 2246 maledictis,
824 2191 910 2252 qnam
930 2171 1099 2254 obstreperls
1118 2175 1197 2233 voci-

65 2253 129 2316 bus.
159 2249 233 2314 Nam
253 2259 282 2313 et
301 2251 530 2314 moderatissimis
549 2252 708 2334 quibusque
726 2249 866 2312 interdum
887 2252 1040 2333 contingit,
1072 2255 1096 2312 si
1116 2273 1195 2334 prae·

67 2343 111 2394 ter
130 2336 263 2398 meritum
287 2331 450 2406 laeduntur,
479 2331 603 2394 hostium
628 2352 745 2394 snorum
774 2331 973 2428 inprstitndiue
1001 2332 1122 2409 turbari,
1163 2341 1196 2395 ut

68 2413 105 2472 ad
130 2433 160 2475 se
180 2413 354 2474 ulciscendos
375 2413 529 2492 prosiliant.
560 2409 635 2472 Petit
654 2432 721 2490 ergo
741 2409 835 2472 David
854 2412 978 2490 linguam
998 2433 1077 2474 suam
1098 2433 1114 2472 a
1134 2411 1193 2474 Do-

68 2493 146 2557 mino
181 2493 298 2566 frenari,
327 2511 364 2552 ne
398 2493 475 2571 qnod
500 2499 711 2573 praeposterum
732 2490 849 2552 verbnm
868 2493 974 2551 eitiunt.
1015 2490 1125 2552 Deinde
1145 2513 1196 2554 cor

67 2592 152 2634 suum
181 2573 292 2632 retineri
321 2571 358 2632 ab
388 2571 519 2632 omnibus
548 2571 689 2652 perversis
713 2571 850 2646 consiliis,
881 2591 917 2631 ne
943 2571 1057 2632 iniurias
1076 2573 1194 2634 retaliet.

70 2649 156 2729 Quod
175 2659 273 2732 postea
293 2652 429 2730 sequitur,
449 2653 650 2712 accomodans
670 2673 707 2712 ex
726 2653 836 2712 delictis
854 2659 999 2732 ipsorum,
1023 2651 1194 2733 metaphori-

71 2752 135 2791 cum
154 2737 210 2791 est:
240 2731 297 2790 acsi
316 2731 436 2810 diceret,
466 2729 509 2790 Ne
529 2751 627 2792 eorum
649 2731 818 2812 prosperitas
838 2733 873 2790 ad
893 2750 1010 2826 pravam
1027 2727 1193 2793 aemulatio·
1269 2770 1271 2785 .

73 2831 137 2870 nem
155 2831 199 2870 me
218 2809 329 2870 alliciat.
372 2807 484 2868 Debent
503 2812 578 2870 enim
597 2809 667 2870 baec
687 2815 739 2870 tria
760 2811 931 2870 coniunctim
951 2811 1014 2890 legi.
1034 2809 1091 2871 Sed
1112 2831 1194 2893 prae·

77 2891 158 2948 stabit
185 2890 293 2968 singula
318 2891 435 2969 propius
455 2896 595 2949 excutere.
637 2887 713 2966 Quia
734 2889 803 2948 nihil
822 2889 963 2949 difficilius
981 2895 1026 2950 est
1045 2911 1131 2971 quam
1149 2894 1192 2952 in·

75 2971 146 3028 iude
166 2969 286 3028 sillictus
305 2970 344 3027 ita
362 2969 476 3048 linquae
496 2987 563 3028 sune
582 2969 737 3038 moderari,
768 2975 801 3028 ut
820 2969 929 3047 placide
948 2976 977 3030 et
996 2987 1063 3030 eum
1081 2971 1192 3032 silentio

71 3047 206 3122 ,devorent
225 3049 352 3108 iniurias:
377 3069 434 3108 non
455 3049 558 3106 trustra
578 3055 659 3128 optat
680 3047 772 3106 David
792 3047 919 3110 claustris
940 3067 971 3110 os
992 3069 1074 3108 suum
1094 3057 1123 3109 et
1143 3069 1192 3109 cu·

79 3127 163 3186 studia
174 3125 303 3198 obserari,
314 3128 440 3206 adeoque
452 3127 554 3186 ostium
565 3129 621 3185 oris
632 3129 674 3186 sui
692 3127 817 3186 clausum
834 3129 920 3186 teneri
937 3147 952 3186 a
964 3125 1043 3202 Deo,
1058 3130 1141 3189 sicuti
1156 3131 1193 3190 ia.

82 3207 301 3284 nitortngressus
311 3211 339 3264 et
349 3225 477 3284 egressus
487 3204 627 3277 observat,
638 3208 660 3264 si
672 3207 785 3284 quidem
796 3209 892 3274 ΠὙΩ
902 3207 1066 3268 verbnmest
1075 3211 1193 3288 impera·

79 3287 126 3345 tivi
144 3285 216 3346 modi
236 3287 434 3364 potiusquam
454 3303 566 3346 nomen.
587 3283 719 3344 Secundo
739 3287 872 3366 seiungit,
891 3310 927 3348 ss
942 3285 1021 3348 Dens
1040 3296 1194 3367 eortpstus

79 3367 187 3427 bestiast
206 3367 246 3426 od
263 3387 324 3425 rem
342 3367 459 3424 modom.
493 3369 570 3434 ‘tn't
590 3366 674 3438 enim,
694 3371 726 3422 ut
745 3382 829 3442 saepe
849 3369 925 3441 alias,
944 3386 997 3446 pro
1017 3369 1131 3444 negotio
1147 3369 1193 3426 bic

100 3445 194 3503 onitnr.
233 3441 270 3502 Et
289 3451 412 3503 mentem
432 3463 511 3504 snam
532 3446 665 3505 continuo
686 3448 751 3522 post
771 3443 909 3516 declarat,
928 3463 963 3502 ne
983 3445 1088 3504 scilieet
1107 3445 1192 3504 male·

81 3465 145 3584 lctis
162 3523 301 3594 mutando,
321 3523 417 3582 similis
436 3523 562 3584 hostibus
582 3525 640 3584 suis
659 3522 798 3582 reddatur.
826 3523 889 3583 Hoc
908 3521 1025 3582 Davidis
1045 3524 1193 3584 consilinm

82 3602 201 3682 siprobe
220 3602 398 3681 expendisset
418 3602 573 3664 Monachus
592 3603 639 3662 ille
659 3603 738 3660 cuius
758 3605 864 3661 mentio
883 3603 915 3662 iit
934 3602 1009 3683 apud
1030 3601 1193 3675 Eusebium,

82 3701 134 3742 nun
152 3689 205 3741 tam
224 3681 343 3762 insipide
362 3682 473 3742 silentio
493 3685 581 3742 totius
600 3682 737 3762 septennii
757 3687 883 3760 putasset
901 3701 932 3740 se
942 3682 1121 3760 perfunctum
1131 3701 1193 3742 essa

83 3763 173 3842 optimi
191 3761 318 3842 discipuli
338 3759 471 3840 partibus
498 3758 596 3841 Quum
616 3760 732 3828 audiret.
754 3779 835 3820 rarae
854 3779 916 3820 csse
936 3762 1047 3820 virtutis
1067 3760 1193 3840 linguam

83 3859 270 3982 illm
285 3841 457 4001 tttltt
473 3835 1195 4002 tptttt.:⁰¹⁵ttlt⁰t.²..¹¹ttttttttt

85 4017 182 4076 norae,
209 4019 241 4060 ss
269 4001 434 4060 meditatum
465 4019 526 4062 esse
554 3961 795 4082 respondit'qnod
816 3999 948 4060 didicerat
969 4019 1005 4060 ex
1025 3997 1081 4058 boc
1102 4019 1194 4062 versu.

85 4079 137 4138 Sed
152 4078 288 4160 rogandus
307 4081 391 4140 simul
409 4087 472 4140 erat
490 4099 527 4139 an
545 4079 615 4140 nihil
635 4081 740 4140 interea
759 4080 917 4160 cogitasset.
938 4079 1100 4139 Cohaerent
1118 4081 1194 4139 enim
1244 4077 1250 4098 '

85 4159 150 4219 luter
165 4177 193 4220 se
212 4162 267 4219 ista
286 4157 358 4228 duo,
382 4162 552 4219 taciturnum
572 4177 649 4234 csse,
679 4166 707 4218 et
725 4160 879 4219 immunem
899 4177 915 4218 a
935 4159 1030 4238 pravis
1050 4160 1193 4240 cogitatio·

75 4237 164 4298 uibus.
199 4237 287 4317 Atqui
306 4237 367 4298 fleri
386 4241 495 4320 potnit,
524 4245 557 4298 ut
575 4239 708 4310 tacendo,
733 4239 836 4298 multas
855 4257 951 4298 secum
971 4239 1070 4318 impias
1091 4241 1197 4318 cogita·

86 4320 163 4378 tiones
184 4319 343 4398 agitaverit:
364 4317 441 4397 quod
462 4319 584 4378 deterius
604 4325 648 4378 cst
669 4337 754 4399 qnam
774 4317 890 4377 futiliter
909 4317 1034 4398 obloqui.
1061 4317 1196 4378 Crassum

88 4397 134 4457 boc
150 4397 271 4458 delirium
291 4395 413 4458 breviter
431 4401 570 4479 attingere
589 4399 706 4480 placuit,
726 4403 758 4456 nt
777 4397 915 4538 ιιιεὲοιξιιι
933 4397 1053 4458 lectores
1064 4398 1132 4476 quid
1149 4398 1196 4472 sit,
