2862 4888
170 315 205 369 66
598 309 885 350 r.e·sas·rnc:s·

171 435 275 509 stibus,
299 435 403 494 iratum
429 453 490 492 csse
515 431 540 491 cl
570 431 720 491 iulensnm.
766 428 826 490 Nec
852 450 921 490 vcro
951 428 1032 488 aliter
1061 447 1093 486 se
1117 427 1173 488 Dei
1198 428 1308 487 auxilio

171 517 267 575 salros
286 521 432 595 sperarent
452 513 527 572 lom:
548 514 615 590 quia
635 511 763 570 eiusdem·
786 517 829 570 ast
848 527 1030 589 compescere
1054 509 1105 588 qui
1130 508 1241 568 lienum
1268 507 1309 566 la·
1419 521 1420 546 ³

171 603 230 668 sat,
243 596 413 732 ¹praesertim
440 611 510 651 vero
535 591 582 650 ubi
608 611 661 650 nos
687 590 817 667 coarguit
840 592 956 670 propria
981 587 1167 660 couscientia,
1193 589 1308 668 quoties

171 695 224 735 nos
264 673 360 751 agellis
381 673 439 730 suis
458 672 524 731 serit
537 669 625 742 licus,
645 669 680 727 ad
702 687 816 728 suanum
836 670 897 728 eius
907 667 1053 728 attendere
1073 669 1215 726 convenii.
1246 665 1308 725 Nec
1419 687 1420 696 ¹

72 787 74 792 ·
171 773 240 814 vero
260 751 356 812 Deum
376 753 494 811 iniustae
515 752 573 809 irae
594 749 767 824 insimulant,
793 748 843 808 sed
864 750 964 808 merito
984 756 1015 807 se
1029 741 1121 827 *plecti
1140 753 1308 827 agnoscunt.
1419 763 1420 776 ¹

172 833 232 894 Etsi
252 838 347 892 autem
368 851 480 912 semper
499 831 586 888 instas
606 831 635 888 in
655 830 744 888 serris
763 831 822 886 suis
843 844 942 887 caesus
962 826 1174 906 reperiet'l)eus
1186 845 1239 886 cur
1258 845 1310 884 esis
1418 877 1420 886 ,

173 913 304 992 castiget,
334 929 420 990 saepe
445 919 539 968 taruco
565 927 619 988 pro
646 927 697 966 sna
717 907 906 986 indulgentia,
930 925 1029 965 cortun
1050 906 1160 966 delictis
1181 924 1310 986 parcens,
1420 927 1421 930 ¹

172 995 259 1052 alium
283 993 312 1050 iu
338 989 424 1050 linem
450 1008 534 1048 cruce
559 1007 608 1047 eos
628 993 756 1062 exercet,
781 989 864 1046 sicuti
889 988 1010 1068 probare
1030 985 1121 1045 voluit
1141 987 1308 1065 patientiam

172 1071 231 1144 lob,
250 1069 392 1148 lilertyres
412 1089 480 1128 vero
501 1067 657 1126 honorilice
677 1067 776 1128 militia
795 1067 925 1148 diguatus
945 1073 996 1125 est.
1036 1065 1095 1125 Sed
1116 1065 1241 1145 populus
1263 1065 1309 1120 bic

172 1157 276 1231 sponte
295 1150 330 1208 ad
351 1147 406 1208 Dei
427 1148 550 1208 tribuual
571 1167 601 1206 se
621 1150 720 1220 citans,
746 1165 817 1226 quas
841 1149 960 1206 sustinet
986 1145 1157 1203 calamitates
1184 1147 1310 1224 peccatis

173 1231 232 1290 suis
252 1231 381 1308 imputat,
402 1228 478 1286 ursde
498 1225 651 1308 probabilis
671 1229 834 1285 coniectura
854 1229 929 1286 sumi
954 1232 1056 1306 potest,
1081 1233 1210 1304 tempore
1229 1223 1309 1280 exilii

173 1308 341 1388 babylonici
362 1308 552 1388 compositum
567 1305 822 1366 luissel'sulmumz
845 1308 911 1385 quia
932 1306 984 1366 sub
1005 1305 1136 1364 Antiochi
1157 1305 1310 1382 tyrannide
1421 1309 1422 1316 ’

174 1389 315 1448 diversam
339 1387 426 1446 fuisse
456 1385 589 1466 precandi
615 1386 735 1444 formam
761 1385 825 1444 alibi
851 1387 987 1458 vidimus,
1013 1383 1078 1444 Non
1103 1385 1311 1443 recessiumsa

174 1468 314 1528 mandatis
334 1467 401 1541 tuis,
425 1473 487 1525 nou'
511 1465 681 1526 descivimus
706 1485 723 1524 a
744 1465 856 1524 loedere
882 1473 942 1538 tuo,
967 1463 1213 1524 noudelleximua
1233 1480 1249 1520 a
1271 1467 1310 1525 te.

174 1565 227 1607 uec
257 1546 412 1606 deiecimus
438 1545 550 1625 abege
574 1552 634 1618 tua,
663 1549 692 1604 ct
717 1552 811 1605 tasneu
838 1543 907 1604 liaeo
937 1546 1031 1604 omnia
1058 1545 1194 1602 eveniunt
1218 1541 1311 1612 nobis,

51 1709 53 1716 J
97 1649 105 1666 ¹
175 1626 280 1686 Psalm.
301 1625 349 1698 tt,
370 1627 418 1687 18.
437 1645 496 1684 nou
516 1625 593 1704 quod
609 1623 803 1704 obstreperent
815 1623 880 1684 Deo
894 1623 1005 1698 ‘fideles
1025 1622 1074 1682 sed
1095 1624 1160 1703 quia
1182 1620 1309 1680 sciebant

66 2035 68 2047 '
175 2043 293 2106 quoque
313 2041 410 2084 secam
430 2025 519 2082 levari
538 2025 661 2103 cupiant.

175 1707 262 1765 alium
273 1703 338 1765 Deo
358 1703 445 1764 linem
466 1724 527 1764 esse
547 1705 736 1786 propositum,
756 1723 842 1784 quam
858 1711 973 1784 peccata
987 1703 1096 1784 punire.
1126 1701 1214 1760 Duris
1233 1703 1310 1760 euius

174 1787 231 1846 illis
251 1784 451 1844 certaminibus
472 1785 506 1842 ad
529 1785 650 1862 psalmam
671 1803 812 1864 supernae
832 1787 989 1844 vocationis
1009 1803 1058 1842 eos
1079 1781 1204 1862 parabat.

255 1866 283 1926 6.
303 1865 444 1948 Effuude.
484 1863 646 1924 Videtur·a
671 1865 767 1943 regula
792 1866 915 1923 caritatis
940 1865 1063 1923 alienum
1088 1881 1149 1922 csse
1174 1861 1229 1920 boc
1258 1879 1309 1918 ro·

174 1949 251 2005 tum:
275 1947 344 2024 quia
363 1944 404 2003 sic
424 1946 545 2024 propriis
565 1944 647 2002 malis
667 1945 708 2002 sin
730 1944 792 2002 ulos
817 1963 879 2004 esse
902 1946 1003 2002 anxios
1024 1943 1164 2002 convenit.
1186 1948 1218 1999 ut
1237 1939 1311 1998 alios

702 1965 801 2100 (losse
825 2024 959 2082 videnlur
982 2039 1129 2102 perperam
1151 2021 1247 2080 lideles
1268 2021 1310 2078 iu·

177 2103 299 2164 credulis
319 2109 418 2182 optare
437 2104 564 2175 exitium,
586 2123 638 2183 pro
658 2123 781 2182 quorum
792 2103 883 2163 salute
902 2101 1040 2162 debebant
1059 2105 1154 2182 potius
1174 2119 1235 2160 esse
1254 2101 1312 2158 sol-

177 2183 255 2244 liciti.
284 2180 344 2241 Sed
363 2183 515 2242 tenendum
541 2185 683 2262 estquod
704 2183 770 2243 alibi
790 2184 923 2255 diximus,
943 2191 974 2242 ut
993 2185 1047 2242 rite
1067 2183 1131 2262 quis
1151 2181 1222 2240 hacc
1242 2186 1312 2239 vcta

177 2263 327 2343 concipiat,
352 2263 525 2323 induendum
549 2283 612 2322 esse
637 2262 784 2342 publicum
808 2264 956 2336 affectum,
979 2281 1102 2322 aecum
1122 2263 1249 2342 privatae
1268 2261 1311 2318 in·

174 2345 266 2404 ‘iuriae
291 2342 418 2414 titillent,
443 2361 479 2400 ue
505 2344 596 2401 carnis
616 2343 723 2421 impetu
748 2343 856 2403 feratur
879 2351 978 2402 contra
999 2342 1108 2401 hostes:
1128 2341 1177 2400 sed
1197 2341 1240 2399 sui
1261 2339 1312 2398 ob-

177 2423 253 2493 litus,
273 2441 454 2483 communem
473 2422 559 2482 modo
579 2423 699 2481 salutern
719 2421 862 2482 Ecclesiae
881 2425 1012 2503 respiciat
1031 2441 1065 2480 ac
1084 2428 1173 2480 curet.
1198 2419 1314 2478 Deinde

177 2502 367 2562 invocandum
399 2521 460 2560 esse
486 2501 650 2582 prudentiae
674 2509 702 2560 et
727 2503 822 2560 iudicii
847 2503 1000 2582 Spiritum,
1025 2521 1062 2562 ne
1087 2500 1314 2561 inconsideratus

178 2583 257 2718 aclup
276 2589 439 2719 precantem
460 2581 594 2659 impellat,
620 2599 677 2660 qua
698 2582 733 2676 sle
753 2603 783 2641 re
804 2581 869 2676 alibi
889 2581 979 2641 insius
999 2583 1207 2676 disseruimus..
1228 2579 1314 2638 Adde

179 2681 288 2802 llllut:
299 2660 822 2819 dslltlspllllcillllrlllliclllsllhlrllllldlilal
841 2659 1315 2820 ἩδὺΙῖιῗξῖυῗξλῗέἃῖἰοξΐειὲῗεέ

82 2839 85 2847 ’
181 2817 241 2879 eiam
262 2819 357 2877 hostes
378 2820 464 2888 exitio
484 2820 650 2878 devoveant.
681 2818 746 2878 Nou
767 2841 834 2899 ergo
854 2824 960 2880 temere
980 2825 1170 2902 prorumpunt
1189 2821 1218 2878 in
1238 2818 1326 2876 banc*

178 2915 288 2970 vocem,
315 2905 346 2956 ut
370 2896 423 2956 bos
450 2898 496 2957 vel
520 2899 585 2958 illos
611 2899 709 2978 perdat
730 2898 822 2960 Densa
847 2919 900 2959 uec
919 2899 975 2960 Dei
995 2901 1128 2962 iudicium
1149 2901 1316 2978 arrticlpaut,

178 2977 227 3038 aed
248 2977 376 3056 reprobis
397 2978 480 3056 quale
500 2985 645 3038 merentur
662 2979 798 3040 iudicium
822 2988 961 3059 optantes,
986 2981 1123 3059 patienter
1147 2985 1316 3058 exspectant

180 3056 248 3116 dum
268 3056 405 3136 reprobos
430 3057 466 3116 ab
491 3059 587 3117 electis
608 3059 748 3119 discernat
773 3061 901 3119 coelestis
925 3059 1022 3120 ludex.
1064 3059 1128 3118 Hoc
1148 3059 1234 3118 modo
1255 3077 1317 3116 uon

178 3135 313 3196 abiiciunt
342 3135 475 3196 affectum
509 3139 645 3197 caritatis:
672 3142 737 3220 quia
758 3143 810 3200 etsi
831 3147 966 3244 cuperent
991 3159 1091 3200 onmes
1118 3157 1180 3198 esse
1209 3137 1318 3208 salvos,

69 3267 72 3274 .
178 3217 271 3291 sciunt
294 3222 389 3274 tamen
415 3215 554 3296 quosdam
580 3220 749 3278 insanabiles
775 3239 836 3280 esse
857 3219 963 3278 bbristi
982 3219 1092 3293 bostes,
1113 3237 1186 3298 quos
1206 3224 1317 3286 manet,

180 3302 274 3354 certus
294 3296 431 3354 interitus.
473 3294 646 3376 Quanquam
676 3299 803 3358 noudum
829 3317 945 3378 pirorsus
975 3298 1069 3360 soluta
1098 3305 1142 3358 est
1171 3299 1317 3377 quaestio:

180 3375 248 3454 quia
273 3374 341 3433 dum
366 3377 498 3454 proximo
524 3399 609 3436 versu
638 3375 764 3437 hostium
788 3379 983 3438 crudelitatem
1009 3385 1157 3450 accusant,
1181 3377 1320 3436 videniur

181 3459 314 3533 appetere
334 3455 496 3516 vindictam.
531 3456 589 3516 Sed
609 3459 762 3517 tenendum
783 3460 923 3538 estquod
943 3479 1035 3538 stirpes
1055 3457 1122 3528 dixi,
1152 3477 1210 3516 nou
1231 3475 1321 3536 posse

181 3536 210 3592 ln
235 3532 313 3592 bunc
336 3533 454 3594 modum
480 3537 588 3615 precari
615 3539 669 3596 nisi
693 3539 742 3617 qui
766 3537 908 3618 publicani
934 3556 1083 3618 personam
1109 3537 1260 3606 induerint,
1287 3543 1321 3594 et

174 3613 287 3670 omino
308 3613 353 3670 sui
377 3623 522 3694 respectu,
548 3635 646 3676 curam
670 3619 844 3696 susceperint
869 3621 955 3678 totius
974 3615 1129 3676 Ecclesiae:
1154 3619 1213 3675 imo
1234 3614 1320 3674 Chri·

180 3697 258 3750 stum
277 3687 420 3754 Ecclesiae
445 3701 531 3774 caput
550 3697 698 3755 statuerint
721 3697 773 3756 sibi
798 3704 862 3756 ante
889 3697 1000 3756 oculos:
1025 3703 1171 3778 postremo
1192 3696 1246 3754 nisi
1266 3697 1320 3776 qui

181 3776 336 3851 praeeunte
361 3769 470 3852 Spiritu
501 3777 609 3833 animos
639 3795 706 3834 suos
732 3777 884 3836 extulerint
909 3777 944 3835 ad
966 3775 1021 3834 itet
1046 3777 1193 3850 iudicium,
1213 3781 1245 3833 ut
1266 3795 1321 3855 pa-

182 3851 237 3908 rati
257 3849 293 3932 ad
313 3851 525 3930 ignoscendum,
544 3873 602 3912 non
622 3853 724 3915 hostes
750 3855 879 3929 uoslibet,
899 3857 1030 3936 aquibus
1050 3847 1151 3915 eliensi
1171 3863 1247 3928 suni,
1267 3855 1321 3913 sed

130 3957 135 3968 ¹
182 3927 260 3988 solos
280 3929 417 4012 reprobos
436 3935 522 3990 morti
541 3933 679 3993 addicant.
747 3954 791 3994 aur
813 3937 871 4015 qui,
895 3943 1047 4016 autequam
1068 3955 1132 4018 spcs
1151 3935 1322 4015 resipiscen-

184 4009 240 4066 tiae
256 4009 303 4068 ¹sit
328 4007 435 4086 ablata,
459 4011 494 4068 ad
543 4031 643 4072 oenum
663 4013 810 4089 festinant,
829 4035 882 4074 eos
901 4017 1077 4096 praeposteri
1097 4015 1150 4074 zeli
1172 4015 1322 4074 daumavit

104 4159 110 4185 ,
183 4085 315 4145 Christus
340 4085 394 4148 hac
418 4107 504 4162 voce,
522 4031 644 4151 llescills
668 4095 749 4154 cuius
775 4095 889 4174 spiritus
913 4096 981 4168 sitis,
1007 4093 1077 4152 Luc.
1098 4099 1127 4156 9.
1147 4097 1194 4156 55.
1235 4093 1321 4152 Adde

184 4163 263 4258 qnod
286 4185 346 4226 non
372 4167 535 4249 simpliciter
558 4172 651 4250 impiis
670 4169 811 4233 Ecclesiae
836 4174 1087 4254 persequutoribus
1107 4171 1205 4233 fideles
1225 4173 1322 4253 perni-

184 4261 258 4302 mem
283 4243 331 4305 bic
355 4253 469 4327 optant:
494 4248 543 4307 sed
563 4257 650 4330 prout
674 4251 730 4312 illis
750 4252 923 4312 familiariter
943 4273 1006 4312 cum
1030 4251 1129 4314 Deua
1150 4271 1197 4312 ere
1216 4271 1321 4312 conee-

134 4331 139 4344 ’
183 4321 269 4396 ditur,
288 4325 325 4418 lu·
337 4324 414 4386 huuc
433 4326 550 4386 modum
570 4331 774 4390 ratiocinantur
792 4332 828 4392 ab
847 4333 979 4406 absurdo,
1000 4331 1059 4412 Qui
1080 4331 1114 4392 fit
1131 4275 1267 4403 ltomtie,
1288 4337 1323 4390 ut
1377 4389 1387 4400 ,

183 4401 372 4466 ῐεηιΛιιτιῐει
390 4425 443 4467 nos
462 4406 580 4489 affligas,
600 4429 687 4493 snper
712 4431 784 4493 quos
809 4415 959 4473 invocatur
978 4432 1081 4473 nonreu
1103 4419 1199 4473 tuum:
1220 4411 1322 4473 Genti·
