2816 4880
443 287 487 330 ιι
517 282 677 328 reatu.
704 285 788 326 cxxi.
937 243 968 286 ’ἱ
1157 283 1223 344 475’

71 429 171 472 amnes
182 411 275 474 maris.
293 405 377 474 Unde
385 411 523 494 seqnituq
534 409 820 472 modulumudstrum
829 409 1209 494 mibesirnrepartisnoucs·

72 513 104 552 se
115 511 256 572 capacem.
268 491 356 572 Quod
367 495 495 574 sequitur
504 492 641 552 continuo
652 490 1207 571 pusteuaurrestmtadtueteoumsum,

73 573 205 650 quamvis
214 576 292 634 varie
302 573 458 633 distrahant
468 574 644 667 interpretes,
663 571 828 650 simpliciter
844 572 882 628 itu
894 572 1019 651 accipere
1030 591 1088 630 uon
1099 573 1208 648 dubitet

74 654 187 730 quoties
207 672 224 712 ι
243 671 345 712 somno
365 672 418 712 suo
437 649 755 734 expergisciturssavid
775 669 880 709 norant
896 653 1042 711 materiam
1061 651 1156 712 offerri
1176 671 1211 712 ac

72 732 186 810 suggeri
206 733 382 792 meditandae
403 732 486 792 buius
506 739 564 792 tam
584 730 755 792 incredibilis
769 732 923 810 supientiae
935 728 999 790 Dei.
1019 729 1095 824 Ergo
1115 751 1208 812 quum

72 811 141 870 dicit
171 827 202 870 se
230 831 398 893 exsurgere,
428 829 487 872 nou
517 809 602 871 debet
628 811 682 870 boc
705 809 836 890 restringi
857 810 891 868 asi
922 811 996 870 diem
1026 831 1129 871 unum:
1159 812 1210 872 setl

73 889 315 970 quemadmodum
344 891 490 952 euniesms
519 897 563 952 ost
592 892 727 951 immensa
757 890 950 968 magnitudine
975 891 1129 972 sapientiae
1153 889 1210 952 Ilei

73 969 217 1030 absorberi
237 989 338 1032 seusus
357 989 439 1032 suos:
461 972 500 1032 ita
520 989 596 1030 nuuc
615 969 701 1043 addit,
723 967 801 1028 Dum
822 970 948 1050 qnotidie
968 971 1140 1050 expergaiio,
1160 973 1211 1032 mi-

74 1051 106 1110 bi
124 1070 232 1111 uorum
252 1052 446 1112 admirationis
466 1057 665 1131 argumentum
686 1050 820 1109 nuscitur.
861 1047 944 1109 Nune
963 1057 1093 1113 tenemus
1113 1051 1210 1131 genub
1331 1031 1337 1054 ⁹

73 1149 145 1190 num
165 1127 284 1192 Davidis
314 1151 444 1207 ιιιιιιι,
473 1129 570 1192 Deum
600 1129 706 1191 scilieet
729 1131 770 1189 ita
789 1146 920 1208 praeesse
949 1129 1045 1212 generi
1077 1130 1211 1205 bumana,

74 1217 109 1270 ut
127 1229 193 1271 eum
212 1211 284 1271 nihii
303 1230 420 1294 prorsus
440 1211 541 1286 lateat,
570 1230 608 1270 ue
627 1209 792 1306 proluudpe·
805 1209 1134 1304 quidemcugitstiones.
1174 1209 1213 1270 bt
1272 1217 1295 1314 ¹¹

74 1309 239 1372 quanquam
269 1291 359 1388 multi·
381 1292 464 1352 brnu
489 1291 619 1388 socordis
644 1309 675 1350 ιι
695 1295 844 1370 proncsaut
864 1309 893 1348 ru
912 1307 1000 1350 omna
1018 1289 1125 1364 ιιιιιι,
1155 1309 1219 1386 eosq

74 1369 1215 1546 stititstitit?qttfflttttbtttttttttz·tlttttmttttttit

74 1531 233 1592 docuinam
252 1551 288 1592 eo
308 1531 468 1612 diligentius
487 1530 647 1612 expendere
666 1529 814 1592 euuveait.
835 1530 901 1608 quia
921 1531 991 1590 dnet
1012 1531 1135 1610 quisque
1153 1547 1212 1589 ms-
1334 1529 1337 1542 ⁴

72 1631 129 1670 nus
158 1620 188 1672 et
207 1611 294 1691 pedes
319 1631 387 1672 suos
414 1613 539 1692 respicit,
559 1611 670 1690 sibique
690 1610 784 1690 piaret
803 1609 834 1666 in
854 1610 963 1668 iormse
982 1610 1141 1688 elegantia,¹
1164 1611 1215 1670 rix

21 1703 22 1724 ¹
74 1694 246 1752 centesimus
267 1693 388 1828 quisque
405 1690 512 1788 botone
532 1691 576 1750 sui
596 1707 707 1750 memor
726 1693 777 1748 est.
808 1686 898 1766 Quod
918 1690 941 1746 si
962 1691 1012 1769 qui
1031 1697 1127 1784 temen
1148 1691 1215 1749 Dee

76 1779 222 1850 acceptam
242 1789 274 1829 re
286 1779 365 1830 eruut
386 1778 473 1830 vitam
493 1789 590 1842 suam,
609 1787 695 1830 namo
714 1771 812 1828 tamen
832 1769 868 1826 ud
889 1768 945 1826 boc
966 1787 1149 1850 praecipuum
1169 1787 1214 1828 es-

21 1879 22 1888 *
77 1858 133 1928 put
151 1850 328 1924 conscendit,
353 1850 464 1918 ardue,
484 1849 595 1925 videre,
620 1857 651 1910 et
669 1849 825 1928 intelligere
846 1850 940 1908 omnis
961 1850 1011 1929 qui
1030 1867 1113 1910 aures
1131 1848 1217 1908 linxit
1319 1849 1323 1860 '

21 1939 23 1970 t
78 1936 110 1989 ct
131 1929 245 2004 oculos,
263 1935 293 1988 et
312 1947 362 1989 cor
381 1929 563 2010 intelligentia
584 1927 743 2010 praeditum
763 1929 879 1988 creavit.

170 2173 222 2240 19.
246 2173 282 2241 Si
305 2171 470 2255 occiderim
491 2171 590 2254 Deus,
611 2170 756 2262 impium,
777 2179 854 2238 tuuc
874 2169 934 2236 viri
956 2169 1143 2264 sanguinum
1167 2172 1218 2240 de

80 2279 193 2351 clinate
215 2303 233 2346 a
255 2303 317 2349 me.
362 2279 416 2352 20.
439 2277 502 2364 Qui
523 2275 647 2368 loquuti
668 2283 742 2344 sunt
765 2275 860 2347 dete
882 2276 1045 2360 scelerate,
1073 2299 1216 2367 sumpse·
1309 2311 1314 2321 r

81 2396 157 2453 runt
188 2385 380 2453 mendaciter
406 2384 574 2453 adversarii
601 2381 657 2450 tui.
703 2384 758 2450 21.
781 2381 898 2453 Annon
922 2406 1032 2452 osores
1054 2393 1142 2465 tuos,
1175 2383 1218 2452 lu-
1259 2425 1261 2433 ,
1345 2412 1348 2425 ·

78 2491 174 2574 hova,
207 2491 281 2560 odio
304 2471 443 2576 lrabebo,
471 2499 503 2559 et
524 2513 598 2558 cum
619 2488 853 2580 insurgentibus
887 2499 995 2556 contra
1016 2500 1050 2558 te
1071 2490 1218 2582 litigabo?
1254 2561 1259 2578 Ι

78 2597 134 2664 22.
158 2597 302 2666 Perfecto
326 2597 400 2667 odio
423 2597 476 2664 udi
497 2595 600 2688 ipsus,
622 2595 751 2662 luerunt
773 2595 851 2662 mihi
873 2595 905 2662 in
929 2595 1046 2664 hostes.
1081 2597 1135 2662 23.
1157 2593 1219 2664 Ex·
1249 2643 1257 2666 .
1365 2645 1369 2654 -

77 2705 169 2798 plora
192 2728 245 2772 nse
267 2703 371 2786 Deus,
393 2713 425 2770 et
446 2725 603 2794 cognosce
626 2723 826 2770 cormeum:
859 2705 1004 2771 examina
1027 2727 1095 2786 me,
1115 2713 1149 2770 et
1170 2727 1219 2774 co

79 2833 198 2902 gnosso
220 2809 424 2908 cogitationes
447 2831 545 2876 meas.
591 2803 644 2876 24.
669 2805 719 2875 Ει-
739 2829 896 2902 cognosce
923 2833 964 2876 sn
982 2808 1037 2876 -via
1059 2811 1219 2901 pravitatis

68 2917 115 3028 xiu
131 2941 189 2984 sue
211 2916 267 2999 sit,
288 2925 321 2984 et
341 2915 444 2984 deduc
465 2939 518 2984 me
540 2915 573 2980 iu
594 2914 646 2980 ria
668 2914 776 2982 seculi.
908 2999 910 3008 Ι

164 3087 213 3166 19,
232 3090 270 3149 St
297 3089 439 3148 occideris
458 3089 540 3150 Deus
569 3094 700 3170 impium.
741 3083 829 3166 Quod
854 3085 977 3168 pendere
1001 3085 1117 3168 quidum
1142 3085 1220 3148 buno

20 3167 21 3172 ’
84 3184 199 3226 versum
228 3167 396 3245 apmximo
417 3169 592 3238 existimant,
621 3173 750 3227 canotum
776 3173 827 3230 ιιι.
869 3165 996 3247 Optaudi
1021 3169 1106 3228 etium
1131 3167 1218 3228 modo

20 3245 21 3328 s
84 3248 221 3326 accipere,
241 3253 273 3304 nt
293 3246 393 3306 volunt
411 3247 536 3326 quidam,
557 3245 728 3325 nauplacet,
748 3243 873 3319 Utinam,
892 3246 948 3318 vel,
969 3248 1021 3308 osi
1037 3245 1219 3308 occidasDe·

84 3345 120 3386 us
149 3324 277 3403 impium.
318 3323 413 3385 Nihilo
438 3327 527 3408 magis
546 3345 646 3387 eorum
667 3325 821 3388 sententiae
840 3325 986 3386 subscribo
1006 3327 1056 3406 qui
1075 3323 1219 3386 Davidem

83 3403 219 3486 gratulari
243 3403 297 3464 sibi
316 3411 419 3485 putent
438 3408 460 3466 si
481 3427 497 3468 e
517 3405 609 3466 medio
629 3403 768 3464 tollentur
786 3404 874 3498 impii.
913 3403 1034 3480 Videtur
1054 3405 1128 3464 enim
1148 3405 1219 3466 mihi

20 3491 21 3566 J
83 3485 161 3546 aliud
186 3485 275 3563 mugio
294 3485 378 3558 velle,
398 3505 429 3544 se
449 3483 657 3546 considerandis
677 3483 734 3544 Dei
753 3483 862 3544 iudiciis
882 3503 998 3564 oporam
1018 3483 1167 3558 daturum,
1186 3493 1220 3548 ut

20 3567 21 3576 ’
105 3565 214 3625 reliciat
233 3565 294 3630 eius
313 3567 595 3646 neruosusne,
620 3567 731 3646 quoties
752 3581 873 3644 poenam
893 3565 1047 3644 sumpserit
1065 3564 1100 3624 de
1120 3585 1217 3646 repro-
1300 3563 1323 3621 ⁰.

83 3585 136 3704 lis.
166 3642 205 3702 Et
223 3651 301 3706 certe
320 3647 397 3726 ipsus
417 3643 497 3709 Deus
515 3645 614 3714 statuit
633 3647 662 3704 iu
682 3643 861 3728 exemplum,
882 3649 915 3704 ut
934 3644 1055 3710 inflictae
1074 3645 1129 3704 illis
1149 3665 1216 3726 pue·

81 3727 148 3785 ιιιΙ
162 3724 268 3784 ιιιιιιι
293 3722 329 3784 ab
348 3743 447 3784 eorum
468 3727 602 3786 societate
620 3731 762 3785 revocent.
803 3721 865 3784 Etsi
884 3725 959 3784 euim
980 3732 1082 3806 sponte
1100 3723 1136 3784 ud
1157 3725 1218 3786 cul-

81 3811 145 3866 tum
165 3810 196 3864 et
214 3805 345 3864 ιιιιιιιιι
364 3802 421 3864 Dei
441 3823 600 3884 propensus
619 3811 679 3864 erat
698 3802 808 3877 David,
838 3822 912 3882 opus
931 3811 1027 3864 tamen
1047 3803 1159 3878 babuit,
1184 3812 1218 3866 ut

81 3885 186 3962 reliqui
209 3883 321 3960 fidelos,
344 3883 426 3944 trono
447 3881 556 3964 aliquo:
584 3885 667 3946 sicuti
691 3887 776 3944 etiam
802 3884 905 3946 dicitur
928 3884 1005 3967 apud
1030 3879 1147 3946 lesaiaru
1167 3887 1217 3960 au,

84 3967 114 4026 9.
133 3961 181 4024 ubi
206 3965 365 4024 exercuerit
384 3963 465 4024 Deus
489 3981 540 4024 sua
559 3965 671 4040 iddioia,
690 3965 825 4032 iustitiam
845 3963 953 4024 discent
973 3963 1144 4026 habitatores
1163 3972 1218 4025 ter-

83 4061 141 4116 rae,
161 4063 264 4124 nempe
283 4051 317 4105 ut
335 4062 366 4104 ιι
384 4045 414 4108 iu
436 4042 492 4104 Dei
511 4046 612 4106 timore
632 4047 801 4106 contineant.
822 4040 932 4106 luterea
952 4065 1009 4104 ιιι
1030 4043 1128 4108 dubito
1148 4047 1218 4124 quin

84 4141 116 4182 ιι
136 4121 279 4205 Propheta
301 4125 382 4186 sistat
406 4143 503 4184 coram
523 4121 587 4184 Deo
610 4126 668 4185 inte
688 4126 778 4187 ritaiis
803 4143 871 4186 suae
900 4133 986 4186 teste:
1007 4144 1041 4186 ae
1060 4127 1085 4186 si
1104 4125 1218 4200 diceret,

85 4203 171 4264 libere
202 4212 231 4264 ot
255 4207 377 4286 ingenue
407 4225 439 4266 sc
467 4205 580 4284 prodire
609 4205 645 4264 ad
664 4148 721 4266 lla·
750 4203 889 4279 tribuual,
916 4207 984 4286 qnia
1008 4223 1068 4267 uun
1086 4207 1124 4266 sit
1144 4225 1218 4270 uuus

84 4303 122 4343 ex
151 4285 292 4347 auctoratis
313 4284 368 4348 Dei
398 4283 664 4372 marsupiorum„
685 4305 738 4350 uae
762 4286 916 4368 quicquam
940 4285 1042 4350 babeat
1061 4305 1129 4350 cuus
1149 4286 1219 4368 ipsis
1264 4313 1267 4328 ·
1321 4337 1325 4345 .

84 4367 199 4446 negotii.
