2862 4888
115 298 200 374 '3'5
599 315 891 360 acauvrnus

165 459 244 581 ffl’
274 437 378 536 qpilius
398 437 487 534 semel
506 441 616 534 patrem
635 457 667 498 se
685 435 823 500 exhibuit.
862 415 1025 498 lambent
1044 417 1225 534 cxsgratoito
1246 431 1306 496 Dei

165 515 1306 736 aiiiiiirliliiiliii{impatibilitatilibili}

167 677 324 758 Quomodo
354 695 470 738 cursum
499 675 683 757 abrumperet
736 695 787 736 eus
816 676 927 758 paterni
956 673 1073 750 favoris,
1103 675 1153 756 qui
1171 681 1307 736 naturam

166 775 272 821 exuere
292 775 350 816 non
370 755 484 838 potest‘l
514 753 653 816 Videmus
672 775 742 836 ergo
766 763 800 818 nt
824 756 956 816 bonitatis
976 747 1031 815 Dei
1056 754 1181 827 obiectu,
1211 761 1305 816 tanta·

167 839 278 898 tionum
291 835 413 898 insultus
427 833 555 914 repellet.
575 833 655 896 Dum
676 837 786 916 quaerit
804 859 847 896 oa
866 843 1070 914 consumptum
1088 843 1128 895 sti
1147 837 1307 916 alopeciam,

166 917 214 977 vel
234 915 393 989 oraculum,
412 913 555 994 significat
572 917 651 976 omni
670 935 702 976 se
721 915 916 976 consolatione
932 915 1054 989 destitui,
1095 915 1142 974 uia
1161 915 1199 974 ad
1218 911 1307 974 lidem

167 994 340 1064 fulciendam
361 991 439 1054 nulla
459 1002 590 1055 occurrat
609 995 772 1075 promissio.
790 993 870 1054 Haec
890 999 984 1054 autem
1004 1000 1048 1054 eat
1066 934 1186 1072 alyssus
1206 993 1306 1074 despe-

167 1075 295 1148 rationis,
315 1071 364 1132 ubi
379 1070 459 1132 Deus
469 1074 672 1152 promissiones
692 1091 768 1148 suas,
788 1073 892 1154 quibus
910 1073 1020 1134 inclusa
1039 1079 1084 1134 est
1102 1074 1178 1134 salus
1198 1080 1307 1146 nostra,

86 1149 90 1162 ’
168 1153 300 1216 emedio
319 1151 403 1214 tollit.
425 1149 522 1232 Siquis
543 1152 666 1227 obiiciat,
684 1174 743 1214 non
764 1155 892 1236 potuisse
903 1151 961 1214 Dei
980 1153 1096 1232 eloquio
1116 1153 1239 1224 destitui,
1259 1153 1308 1212 coi

169 1231 303 1328 Lexerat
322 1250 392 1313 prae
410 1230 553 1328 manibupa
573 1233 742 1328 respondeo,
761 1253 814 1314 pro
834 1234 971 1314 temporis
990 1231 1152 1292 infirmitate
1170 1232 1308 1326 speciales

168 1329 371 1467 inmittit?
384 1309 777 1478 t“t{÷tt⁸⁸²a,tt⁰tltts;
791 1311 1088 1476 nitidat-t
1103 1315 1309 1470 &esibili

170 1469 227 1531 Pro
248 1469 344 1531 hetam
369 1471 418 1551 qui
443 1471 592 1532 intereos
618 1479 779 1552 cognoscat
819 1470 852 1532 Si
871 1469 967 1532 David
992 1478 1093 1531 auctor
1115 1470 1202 1544 luerit
1221 1469 1308 1530 buius

170 1492 291 1624 Psalmi,
320 1549 425 1610 scimus
449 1549 567 1614 solitum
591 1549 679 1612 luisse
705 1553 734 1610 in
760 1549 846 1612 rebrrs
871 1551 962 1612 dubiis
987 1557 1016 1612 et
1041 1551 1184 1632 perplexis
1211 1547 1309 1610 Deum

170 1629 335 1701 consulere,
360 1629 483 1709 dataque
508 1630 535 1690 ei
559 1629 647 1690 luisse
671 1650 816 1711 responsa.
850 1615 889 1691 si
913 1630 983 1690 haec
1002 1631 1031 1692 in
1052 1631 1132 1690 matis
1152 1629 1245 1690 ablata
1265 1629 1309 1688 illi

171 1711 227 1772 luit
250 1709 370 1782 levatio,
400 1709 461 1768 iure
485 1707 617 1790 deplorat
639 1709 692 1771 sibi
716 1729 776 1772 non
795 1729 945 1770 occurrere
964 1729 1124 1770 sermonem
1143 1730 1201 1790 quo
1221 1708 1309 1769 fidem

172 1787 421 1855 snam-sustineat.
441 1787 493 1846 Sin
506 1807 574 1850 vero
595 1789 667 1849 alius
687 1789 743 1850 luit
761 1795 870 1865 auctor,
891 1791 1022 1869 congruit
1040 1789 1112 1850 haec
1131 1789 1309 1870 querimonia

172 1865 267 1928 medio
296 1859 418 1947 tempori
447 1867 521 1927 inter
549 1869 670 1928 reditum
696 1869 732 1929 ab
758 1869 845 1930 exilio
870 1877 899 1931 et
919 1869 1025 1930 Christi
1044 1869 1211 1930 adventum:
1240 1869 1309 1947 quia

172 1953 243 2009 tunc
267 1944 403 2042 abruptus
428 1947 642 2026 quodammodo
663 1946 835 2029 prophetiae
859 1968 960 2022 cursus
984 1947 1051 2010 luit:
1081 1956 1111 2009 et
1134 1949 1230 2008 nullm
1254 1946 1310 2006 luit

172 2025 309 2165 peculiari
328 2025 453 2104 bpiritus
473 2021 549 2087 dono
563 2028 733 2101 instructus,
753 2029 804 2110 qui
823 2029 896 2090 colla
918 2048 965 2088 sos
984 2031 1094 2088 animos
1113 2030 1240 2108 erigeret,
1260 2025 1324 2084 vel·

187 2106 295 2165 ulciret.
335 2103 419 2164 Adde
439 2105 517 2184 quod
537 2107 693 2181 interdum,
717 2109 848 2189 quamvis
874 2051 1010 2169 odoratur
1028 2107 1110 2168 nobis
1130 2106 1186 2168 Dei
1205 2126 1310 2178 sermo,

174 2203 235 2245 non
255 2189 350 2244 tamen
369 2183 406 2244 ad
426 2203 479 2244 nos
499 2205 532 2245 us
609 2189 753 2266 pervenite
779 2189 846 2267 quia
865 2188 1001 2268 angustiis
1021 2187 1182 2259 constricti,
1201 2185 1312 2249 nubam

142 2291 149 2306 =
173 2262 375 2324 consolationis
388 2269 529 2342 guttama
552 2267 697 2326 mittimus.
723 2265 780 2326 Sed
795 2287 849 2348 ego
868 2269 992 2348 priorem
1011 2287 1126 2328 sensum
1145 2265 1314 2347 amplector,

174 2341 253 2423 quod
272 2341 380 2402 scilicet
398 2341 565 2422 specialibus
581 2343 742 2426 Prophetiis
761 2351 884 2408 caruerit
902 2345 1038 2422 Ecclesia,
1059 2366 1133 2428 quae
1152 2347 1325 2407 adoneum.

173 2430 292 2582 ppensa,
316 2440 334 2480 a
354 2421 417 2517 solp
436 2422 600 2519 umbpprum
621 2427 741 2502 intuitu,
761 2446 834 2506 opus
855 2425 976 2487 habebat
996 2427 1167 2508 quotidianis
1186 2424 1309 2484 luituris.

174 2501 443 2654 abstitit?
457 2503 735 2662 tittattssttt
748 2505 1209 2664 'itttbatltattfitttt
1228 2504 1313 2644 tit

175 2666 290 2720 exercet
305 2667 377 2719 'suos
395 2661 474 2720 miris
493 2662 601 2736 modis,
631 2670 663 2723 ut
689 2665 879 2744 imaginentur
898 2665 955 2726 alio
975 2666 1104 2726 converti
1123 2671 1213 2724 totam
1231 2661 1312 2723 sen·-

174 2747 304 2820 pturam:
329 2745 359 2800 dt
379 2739 627 2833 apponerisDeum
646 2744 744 2838 audire
764 2743 928 2840 loquentem
948 2748 1075 2827 cupiant,
1095 2743 1197 2841 adduci
1216 2749 1314 2826 tamen

174 2821 390 2970 tattttt
404 2821 1314 2986 ¹3„t⁸t¹⁰atttt⁹llttit¹‘att'aasstattt‘tatt

176 2975 280 3036 nostris
300 2974 408 3035 aditum
428 2976 582 3041 obstruere.

214 3135 222 3150 ι
255 3057 303 3116 10.
324 3060 376 3114 An
395 3058 501 3118 oblitas
519 3068 570 3121 est.
589 3059 687 3144 Pergit
705 3063 799 3125 adhuc
818 3065 847 3126 in
866 3065 916 3126 illa
936 3063 1141 3146 disceptatione
1157 3061 1216 3123 Pro
1236 3059 1315 3136 laeta,

177 3150 258 3194 curus
277 3140 373 3194 tamen
393 3135 457 3196 linis
476 3145 520 3198 eat
534 3159 592 3200 non
604 3145 687 3222 'apem
703 3143 883 3219 labefactare,
903 3145 953 3204 sed
967 3147 1062 3225 potins
1075 3145 1192 3226 erigere.
1240 3161 1316 3222 eque

177 3215 252 3274 enim
271 3215 429 3296 interrogat
447 3215 525 3279 dere
544 3218 642 3280 dubia:
664 3222 715 3282 sed
735 3225 851 3304 perinde
871 3231 914 3284 est
934 3226 991 3284 acsi
1011 3225 1124 3300 diceret,
1139 3223 1187 3286 A‘n
1208 3221 1317 3282 oblitus

177 3299 227 3388 est.
240 3290 321 3389 Deus
341 3296 484 3390 seipsum?
503 3299 550 3359 vel
570 3303 692 3362 mutavit
712 3305 863 3364 naturam?
882 3306 949 3385 quia
960 3303 1039 3364 Deua
1059 3325 1121 3366 essa
1140 3299 1199 3364 nou
1218 3307 1318 3382 potest

81 3389 85 3398 ·
178 3391 248 3511 pum
267 3379 305 3431 sit
324 3377 494 3437 misericors.
533 3377 635 3441 Fatem
654 3381 769 3460 quidem
789 3403 848 3443 non
868 3386 979 3446 stetisse
997 3384 1211 3456 inconcussum,
1272 3380 1318 3440 asi

191 3469 272 3546 errep
292 3459 367 3514 essct
386 3461 517 3534 pectore:
541 3457 590 3518 sed
610 3477 669 3539 qno
689 3463 787 3522 durius
807 3463 1007 3543 impetebatur,
1026 3483 1061 3522 eo
1081 3464 1169 3541 magis
1189 3463 1219 3520 in
1260 3477 1318 3518 anc
1394 3531 1399 3536 Ι

179 3531 338 3599 doctrinam
358 3533 495 3609 recubuit,
515 3537 556 3595 sic
575 3541 757 3600 coniunctam
776 3559 838 3602 esso
857 3542 1012 3604 bonitatem
1031 3563 1096 3602 eum
1108 3539 1162 3599 Del
1181 3538 1315 3611 essentia,

179 3617 213 3670 ut
232 3609 405 3690 impossibile
424 3615 460 3674 sit
479 3633 545 3676 eum
565 3637 623 3678 non
642 3637 706 3679 esse
725 3621 946 3682 misericordem.
971 3622 1036 3682 ldeo
1058 3621 1217 3702 quotiesiu
1236 3619 1317 3678 curis

179 3695 208 3750 et
228 3688 374 3749 doloribus
394 3691 685 3775 dubitationeslnobis
705 3699 859 3780 obrepunt,
886 3700 1028 3762 discamus
1048 3718 1160 3782 semper
1179 3698 1216 3794 ad
1236 3698 1318 3795 hpnc

179 3768 1082 3936 :abstlitis:,ttt'sstctt'tttttftttttt
1097 3799 1156 3920 ‘tt'
1169 3785 1318 3940 iiiiii

180 3935 384 3989 miserationes
403 3952 475 3992 stans
494 3941 527 3994 io
545 3941 611 3996 irai
640 3936 788 3998 Celebrem
809 3941 884 4002 enim
904 3941 1007 4000 sanclis
1027 3939 1160 4000 Patribus
1179 3945 1240 3998 erat
1258 3936 1320 3997 elo·

181 4007 261 4086 pum
280 4006 360 4082 illud,
380 4007 476 4072 Deum
495 4012 544 4074 lon
563 4033 597 4074 ae
609 4035 672 4076 esse
684 4018 859 4092 tolerantiae,
879 4021 991 4080 tardum
1006 4020 1041 4079 nd
1056 4021 1138 4095 iram,
1158 4018 1320 4078 adveniam

182 4095 408 4183 propensnmnet
427 4035 609 4154 exorabilem.
631 4093 713 4156 Unde
731 4100 818 4158 stiam
837 4099 943 4160 dietum
962 4099 1033 4162 illud
1053 4099 1174 4180 sumpsit
1183 4095 1321 4158 Habesne

183 4185 214 4258 ¹¹!
228 4183 282 4224 suo
297 4173 417 4242 mutuno,
430 4173 497 4244 3‚2
517 4170 550 4230 ln
564 4175 617 4249 ira,
635 4177 845 4240 misericordiae
863 4197 973 4239 memor
991 4182 1055 4240 erit.
1079 4176 1241 4260 Prophetui
1262 4178 1323 4236 itur

184 4243 232 4340 lue
251 4263 287 4304 co
309 4246 316 4262 '
337 4247 368 4322 't‚
388 4250 599 4331 castigationem
616 4273 703 4334 mam
717 4257 812 4330 sentit,
830 4275 888 4318 non
904 4257 1016 4326 obstare
1030 4259 1183 4340 quominus
1198 4275 1229 4318 se
1269 4275 1322 4316 eus

184 4329 287 4418 aterum
307 4331 438 4406 pacatus
457 4329 494 4388 ad
513 4331 629 4393 solitum
651 4333 841 4398 benefaciendi
857 4357 967 4408 rnorem
982 4346 1143 4399 convertat:
1163 4338 1232 4418 quia
1245 4355 1323 4396 non-

184 4419 239 4464 nni
257 4402 297 4464 ad
314 4416 493 4472 momentum
511 4412 572 4474 suis
590 4413 730 4476 irascitur.
749 4415 812 4482 lmo
831 4419 911 4498 signa
931 4419 991 4478 irae
1010 4436 1079 4480 suae
1098 4417 1260 4494 ostendens,
1278 4423 1324 4477 te-
