2862 4888
488 317 533 360 rr
570 317 730 360 rsanar.
757 317 884 362 nxxrur.
1222 311 1260 372 45

90 441 161 501 daei
183 439 224 502 ad
253 439 460 517 deiectionem,
480 442 536 504 nisi
555 439 643 502 iirmis
663 441 783 502 vinculis
803 441 986 504 retineantur.
1028 439 1103 504 Nam
1121 461 1255 524 procon-

102 521 175 581 lesso
200 523 299 581 sumit
316 521 406 583 nihilo
427 521 546 582 meliore
564 522 706 604 praeditos
726 541 791 583 essa
810 523 924 604 ingenio
945 541 1033 659 poam
1055 529 1160 604 patres,
1181 541 1256 604 qnos

102 601 167 660 dicit
268 601 331 676 dos,
351 600 481 674 rebelles,
501 607 660 672 tortrrosos,
684 607 713 659 et
733 603 929 666 immoriveros
963 603 1046 663 uisse.
1078 601 1212 662 Statimi
1242 637 1254 652 -

103 689 148 739 tur
196 681 364 756 illicerent,
394 683 448 742 nisi
479 682 597 740 assiduis
627 680 739 740 luituris
769 647 1005 742 conliimarentnr
1030 701 1132 742 eornm
1157 605 1254 768 corii,
1375 693 1395 747 ,'

101 759 159 820 lmo
172 759 268 840 quod
278 757 417 821 Horatius
437 759 574 841 degente
594 777 645 820 sua
665 759 773 835 scrrhit,
792 763 968 842 experientia
988 761 1178 848 demonstrat
1191 759 1255 820 nbi·

98 859 166 978 ιι
189 917 397 980 1,
418 839 515 981 ,ιιι
529 827 1250 997 ιιιιειιιιιιιι.ιιιιιιιιιιο

99 1007 142 1058 ret
162 997 253 1060 Dens
277 941 449 1070 maudoita
467 999 497 1059 in
517 999 640 1062 deterius
659 997 786 1059 labenti?
809 965 979 1080 tam⁰qoom
999 1017 1035 1058 ea
1056 1005 1171 1080 patrum
1190 1017 1254 1060 nsa-

102 1080 161 1173 litia
182 1086 217 1138 et
238 1080 388 1160 pravitate
408 1079 509 1140 doceat
518 1076 662 1176 Prppheta
682 1097 808 1176 sereram
829 1079 1004 1159 disciplinam
1024 1076 1133 1174 ludaeis
1153 1097 1254 1174 pecea-

97 1177 205 1298 Ἣ
216 1157 1071 1320 .ιῗ.ἰ’.ἰ’,1,ῗὲ..ἶιῗἳῗ..ξίξὲ”.ἓῗ’ρῖιῖἱ..“ἔὲῗιίἱί..ῗὲὲῗ
1085 1157 1256 1299 iiiiii
1281 1187 1313 1239 ·'

97 1259 192 1398 ihgis
237 1315 307 1379 Neo
334 1337 405 1378 vero
429 1318 466 1378 da
490 1318 661 1400 quibuslibet
684 1319 798 1400 populis
824 1319 870 1378 bic
889 1321 948 1398 agit
969 1316 1121 1398 Propheta,
1141 1315 1191 1377 scd
1212 1317 1249 1376 de
1280 1367 1281 1372 ,

101 1406 202 1458 sancto
235 1405 272 1458 et
300 1397 393 1462 electo
423 1417 526 1478 genere
554 1397 700 1460 Abrahae:
729 1416 782 1458 uec
811 1417 918 1478 paucos
942 1404 1054 1458 tantum
1078 1397 1254 1479 perstringit,

100 1477 148 1536 sed
167 1473 274 1538 totoni
294 1477 497 1558 irrepentem,
517 1480 546 1538 in
567 1497 625 1559 qua
643 1477 750 1558 passim
770 1483 829 1538 tam
850 1479 1018 1560 pervicacia.
1038 1497 1125 1558 quam
1145 1474 1253 1537 oblivio

101 1559 208 1638 gratiae
230 1557 293 1618 Dei
314 1557 344 1617 et
363 1557 471 1638 perlida
491 1559 634 1626 simulatio
654 1563 780 1640 grassata
799 1557 860 1618 init
891 1557 953 1618 Nec
973 1559 1056 1618 unius
1075 1551 1188 1616 tantohr
1206 1573 1275 1615 ae··

101 1639 168 1701 tatis
194 1643 299 1718 patres
319 1645 533 1712 commemorat,
553 1637 603 1698 sed
623 1637 738 1717 longam
758 1638 957 1718 antiquitatem
976 1637 1186 1718 complectitur,
1213 1653 1253 1694 ns

103 1717 310 1858 hxffdi
328 1724 480 1856 ινοιῑῐιὶιὲοεῑιιιο
506 1723 635 1858 oppletur
659 1716 806 1814 delensis·
834 1715 1079 1857 iuifflfflffi?
1097 1715 1254 1856 phasidenter

105 1816 393 1936 thersila
412 1815 594 1958 ,istm
614 1879 621 1894 ·
644 1814 1103 1956 litttttttrtttttrm
1117 1811 1254 1934 mciii?

106 1958 147 2016 iia
169 1955 347 2016 naturaliter
369 1957 572 2036 ingemiscet,
598 1897 727 2037 plurihos
751 1955 845 2016 verbis
864 1975 965 2016 eorum
984 1955 1089 2014 soelera
1108 1950 1255 2034 Propheta

108 2043 279 2117 exaggerat,
299 2037 486 2118 apostasiam,
511 2037 713 2110 irritationem,
733 2035 894 2116 perfidiam,
914 2043 943 2094 et
963 2033 1128 2115 hypocrisin
1147 2053 1253 2113 expro-

109 2115 212 2174 brans:
234 2133 308 2196 qnae
327 2117 381 2174 etsi
401 2117 566 2196 granisdma
585 2117 643 2177 sint
661 2113 776 2195 probra,
795 2115 1085 2176 modumtamsnnon
1100 2111 1251 2179 excedere.

114 2213 154 2254 ex
180 2201 313 2255 contextu
339 2213 410 2254 mox
429 2195 545 2278 patebit.
569 2193 698 2255 Verbum
721 2197 818 2290 ῘὉΠ,
837 2201 952 2255 vertunt
972 2193 1019 2252 alii
1039 2191 1177 2252 stabilire:
1201 2187 1252 2252 sed

115 2293 183 2333 aneo
207 2275 307 2334 indicio
327 2276 425 2356 potius
448 2275 579 2355 intelligit
598 2273 742 2356 Propheta
767 2297 819 2358 per
838 2274 970 2354 obliquos
993 2287 1121 2332 recessus
1141 2289 1254 2352 semper

115 2371 133 2412 a
152 2351 216 2414 Deo
241 2354 398 2415 deflexisse.
438 2352 564 2415 Verbum
585 2355 670 2414 etiam
681 2351 817 2426 triba:
859 2353 953 2412 uidam
973 2351 1116 2431 accipiunt
1135 2369 1189 2430 pro
1210 2352 1254 2409 io·

110 2433 174 2492 niti:
193 2433 246 2492 sed
264 2435 371 2493 rectior
389 2437 433 2492 cat
445 2433 534 2506 altera
550 2436 753 2514 interpretatio,
772 2374 934 2493 noninisse
949 2437 1120 2518 constanter*
1131 2437 1161 2489 et
1175 2428 1251 2490 bona

111 2512 167 2572 lide
187 2512 320 2573 addictos
328 2511 404 2588 Deo,
425 2515 475 2593 qui
495 2521 590 2576 tamen
609 2513 821 2575 inreverentia
841 2513 902 2572 cius
921 2529 1035 2570 nomen.
1067 2507 1158 2569 Porro
1173 2507 1253 2589 qood

110 2612 147 2654 ex
165 2593 226 2652 hoc
245 2593 311 2654 loco
331 2593 469 2674 colligunt
487 2592 628 2678 Papistaa
647 2613 710 2654 esse
727 2595 758 2655 iu
777 2590 901 2652 hominis
919 2589 1036 2651 arbitrio
1055 2591 1169 2650 llectere
1189 2607 1250 2662 cor,

110 2691 145 2733 ae
164 2673 291 2754 dirigere
309 2673 339 2732 in
359 2679 511 2754 utramque
530 2680 655 2754 partem,
678 2673 780 2734 frivola
799 2678 842 2732 est
861 2670 1071 2752 consequentia.
1111 2662 1253 2748 Quamvis

109 2755 189 2813 enim
219 2757 282 2812 iure
301 2749 449 2834 Propheta
467 2771 518 2814 eos
537 2760 653 2814 accuset
670 2756 721 2834 qui
741 2771 794 2814 cor
809 2767 896 2816 saum
915 2769 974 2812 non
993 2748 1170 2809 direxerunt:
1193 2767 1254 2810 non

106 2839 209 2892 tamen
233 2851 272 2892 ex
290 2832 421 2914 professo
446 2833 557 2893 disserit
580 2832 650 2913 quid
675 2851 692 2893 a
711 2833 814 2914 seipsis
838 2831 960 2891 valeant
999 2826 1061 2908 Etsi
1084 2829 1161 2891 enim
1184 2846 1254 2910 pro·
1358 2836 1364 2845 '

107 2913 212 2994 prium
230 2901 288 2972 Dia·
313 2931 387 2994 opus
406 2914 457 2987 sit,
481 2913 633 2974 intrinseco
652 2910 777 2994 Spiritus
801 2918 885 2974 motu
908 2917 1075 2971 convertere
1093 2909 1130 2969 ad
1149 2925 1181 2968 se
1200 2908 1253 2968 ho·

107 2995 227 3073 minuar
246 2991 347 3088 corda,
372 2999 583 3053 nontamen
603 2991 688 3088 cplpa
708 2993 882 3062 animentur,
906 2991 953 3051 vel
972 3005 1096 3086 poepapa
1114 2987 1253 3082 eflugiept
1278 2981 1286 3006 ⁸

105 3063 648 3232 itsttrltltirstlttll
665 3072 778 3234 ,illi
794 3071 944 3210 ,isti
957 3067 1254 3209 antistiit

106 3233 244 3313 deposita
292 3233 444 3305 ervicacia,
472 3231 571 3312 iugum
594 3234 655 3291 eius
678 3228 857 3293 subeundam
880 3235 936 3290 csta
966 3228 1068 3290 deiude
1094 3227 1256 3289 induendus

106 3251 339 3372 mansnetuchnis
363 3313 493 3392 spiritus,
518 3311 611 3372 cordis
629 3311 748 3372 allectus
770 3312 800 3372 io
818 3308 875 3370 Dei
898 3308 1074 3388 obsequium.
1091 3307 1254 3380 ordinandi,

106 3399 135 3452 et
155 3389 296 3451 manda
314 3392 467 3452 rectibrdor
491 3397 527 3452 et·
545 3389 661 3473 quidem
685 3410 745 3453 ooo
768 3387 889 3454 eraoido
914 3389 1040 3466 terrore,
1069 3385 1121 3448 sod
1144 3387 1255 3450 mera

105 3471 280 3532 monenda.

193 3553 223 3612 9.
243 3551 318 3612 Filii
337 3551 489 3632 Epirotae
519 3549 691 3635 Exemplum
717 3553 793 3613 illius
812 3547 984 3614 infidelitalis
1002 3545 1139 3632 proponit
1157 3546 1186 3607 in
1206 3543 1254 3606 Fi·

107 3631 155 3692 liis
177 3627 304 3712 Epraine
325 3629 447 3714 qunla
468 3651 526 3694 nou
546 3631 629 3694 facilc
649 3633 770 3714 simplici
790 3631 918 3692 doctrina
936 3630 1106 3712 resipiscunt
1125 3630 1174 3708 qui
1190 3645 1253 3704 per·

108 3712 244 3772 tinaciter
268 3710 374 3770 addicti
398 3719 466 3772 sunt
490 3712 580 3788 malo,
606 3733 644 3773 ex
666 3713 767 3794 poenis
793 3732 810 3771 a
830 3711 895 3771 Deo
919 3709 1032 3772 inlliotis
1052 3708 1155 3791 prohat
1178 3705 1254 3766 lilios

110 3789 254 3872 Ephraim
278 3789 418 3872 reprobos
444 3791 539 3852 luisse.
579 3791 652 3852 Nam
673 3811 762 3872 φιοιιι
782 3791 910 3852 bellicosi
928 3796 1037 3864 essem,
1062 3789 1174 3870 signum
1194 3787 1256 3860 irae

108 3869 170 3932 Dei
193 3871 267 3946 init,
296 3877 376 3952 terga
400 3877 511 3932 vertere
534 3871 565 3932 in
589 3872 713 3953 proelio,
743 3891 778 3934 ac
801 3871 906 3932 diserte
930 3869 1066 3952 exprimit
1087 3867 1254 3946 rogttturrdi

109 3953 202 4012 luisse
223 3960 354 4033 patior.-
373 3953 440 4032 quia
461 3951 609 4012 absurdius
628 3957 673 4011 est
690 3959 769 4022 metu
790 3952 882 4032 iugari
902 3951 952 4030 qui
970 3949 1007 4012 ad
1026 3949 1123 4030 hostes
1142 3948 1254 4004 eminus

109 4026 256 4094 feriendos
275 4030 341 4091 telis
360 4031 490 4093 instructi
510 4040 591 4107 sunt‘,
615 4030 691 4092 uude
710 4029 795 4092 etiarir
816 4033 940 4112 apertius
960 4034 1085 4102 constat,
1104 4025 1202 4086 Deum
1221 4024 1255 4085 il·

109 4111 145 4172 lis
170 4111 261 4171 inisse
286 4111 440 4187 offensum,
467 4113 517 4191 qui
539 4131 591 4173 eos
616 4131 675 4173 non
698 4112 786 4172 modo
806 4111 965 4174 destituerit
983 4108 1089 4170 auxilio
1109 4125 1178 4181 rna,
1203 4103 1255 4168 set

110 4191 264 4253 emollierit
287 4191 416 4273 ipsorum
440 4193 537 4254 corda·
582 4189 738 4272 Quaeritur
760 4212 813 4256 cur
836 4191 911 4254 lilios
935 4188 1072 4271 Ephraim
1095 4186 1173 4248 solos
1196 4188 1255 4252 iarn

111 4271 243 4344 accuset,
263 4291 354 4352 quum
373 4271 403 4334 ln
441 4291 525 4333 encre
543 4269 745 4355 unper'lribns
765 4291 865 4333 omnes
884 4267 1141 4350 comprehenderit.
1182 4267 1254 4351 Qui·
1320 4292 1324 4304 ¹

113 4351 177 4412 dam
198 4349 373 4432 interpretes
393 4293 440 4412 oi
450 4352 559 4413 cladem
579 4353 706 4414 relerunt
723 4371 799 4493 puae
819 4351 972 4412 aGithseis
991 4349 1069 4409 illata
1089 4347 1255 4432 luit-quum

113 4431 147 4493 ad
175 4431 376 4513 recuperanda
395 4433 487 4514 spolia
506 4432 620 4495 obviam
639 4431 704 4494 liliis
748 4432 860 4515 pbraim
879 4431 1022 4514 progressi
1041 4437 1118 4493 sunt
1140 4436 1168 4530 1.
1188 4429 1255 4490 Par.
