2874 4888
139 251 250 354 ,95¹
417 331 420 338 .
554 333 560 342 ,
615 293 903 338 scacvitas

186 419 639 502 minuereturque
658 419 772 494 diceet,
792 438 823 480 sc
842 420 872 480 in
891 418 1038 500 vulgarem
1057 425 1089 480 et
1106 419 1261 499 ignobilem
1281 421 1326 480 lo-

186 523 252 566 cum
277 504 362 566 malie
382 503 473 574 retici,
497 502 584 562 modo
610 507 759 562 censeatur
777 499 806 560 iu
827 497 882 560 Dei
902 500 1025 580 populo,
1049 519 1136 582 quam
1153 503 1326 582 primarium

187 586 307 668 gradum
327 591 422 646 tenere
441 583 516 642 iuter
535 581 647 661 impios.
666 579 774 640 Rarum
795 586 871 640 ocrte
891 582 1002 660 pietatis
1018 582 1189 660 exemplum.
1212 579 1325 661 Quam·

187 668 232 726 vis
255 666 331 726 enim
355 663 439 724 multi
462 662 557 722 locum
576 659 629 720 sibi
647 663 678 720 in
697 657 823 718 Ecclesia
842 677 904 718 osse
924 661 1047 739 cupiant,
1067 661 1109 718 sic
1127 666 1222 721 tamen
1244 679 1326 742 prae-

187 745 266 806 vaiet
288 743 419 818 ambitio,
443 749 477 801 ut
495 741 672 822 paucissimis
690 739 814 800 sufficiat
838 739 868 799 io
883 739 1036 820 communi
1057 759 1177 799 numero
1199 759 1324 801 manere.

188 824 299 887 Omnes
321 823 400 884 enim
425 820 484 896 iere
508 819 611 900 obripit
634 837 739 880 sesam
763 819 847 880 altius
874 819 1082 882 conscendendi
1105 821 1260 902 cupiditas,
1293 831 1327 881 ut

188 907 284 988 quieta
308 905 371 964 illis.
382 920 440 961 ocu
459 901 497 960 eil
514 901 600 962 statio
617 900 672 960 nid
691 899 840 961 mount.

269 989 318 1050 1‘2.
339 989 420 1058 Quia
433 983 489 1040 sol
510 989 538 1042 el
561 983 686 1062 clypeus.
725 979 802 1038 Solis
826 980 1000 1058 comparatio
1020 977 1077 1040 huc
1095 980 1200 1056 tendit,
1224 999 1327 1062 quem·

189 1065 344 1126 admodum
363 1063 407 1121 eoi
417 1061 482 1120 luce
500 1079 552 1120 soa
562 1059 700 1120 muudum
711 1059 844 1133 viviticat,
864 1062 952 1136 solet,
973 1061 1267 1156 alqueeahilaratita
1283 1081 1326 1122 se·

143 1163 146 1184 ¹
188 1138 1326 1318 autuliicausidicalisattrectetur:

140 1372 143 1391 ·
189 1305 585 1462 ttlitdttt‘zclgt
593 1299 1327 1476 ,itit'dliitititlttztttltttt

189 1465 333 1539 levorem,
352 1461 406 1523 nisi
425 1463 500 1522 inter
518 1467 562 1520 tot
581 1459 740 1520 discrimina
760 1461 893 1520 virtutem
914 1479 1031 1541 quoquc
1049 1479 1131 1522 ειιοηι
1150 1461 1188 1521 od
1206 1479 1259 1522 nos
1281 1467 1328 1520 tu·

136 1559 140 1569 '
189 1545 279 1607 endas
304 1548 470 1624 opponeret.
501 1539 589 1619 Quod
611 1550 709 1620 postea
728 1541 867 1620 sequitur,
884 1549 1020 1620 gratiora
1039 1550 1066 1601 el
1084 1544 1216 1624 gloriam
1235 1542 1328 1610 dulit,

189 1629 228 1686 ita
249 1631 346 1708 posset
365 1622 469 1704 accipi,
488 1640 563 1702 quos
583 1618 663 1679 Deus
683 1619 715 1680 io
731 1619 788 1679 hoc
807 1621 915 1680 mundo
935 1640 987 1681 sus
1006 1621 1096 1702 gratia
1117 1624 1243 1697 ornavit,
1262 1627 1326 1681 tau·
1362 1688 1365 1699 ι

190 1705 256 1767 dem
275 1705 305 1764 iu
325 1721 500 1782 regnasua,
520 1699 635 1760 coelesti
655 1697 744 1778 gloria
763 1717 909 1760 coronare.
937 1699 996 1760 Sed
1016 1702 1084 1782 quia
1103 1719 1204 1762 vereor
1222 1719 1260 1762 ne
1281 1721 1326 1760 ar-

116 1837 118 1846 ,
192 1792 261 1867 gula
281 1783 385 1844 sieilia
404 1781 561 1854 distinctio,
581 1777 748 1860 praestabit,
767 1779 971 1852 meoiudicio,
990 1781 1030 1840 ita
1049 1781 1193 1842 resolvere
1213 1787 1327 1842 scotera

71 1915 73 1921 .
192 1868 277 1933 tiam,
301 1863 459 1943 Postquam
484 1861 582 1920 lavore
606 1877 659 1918 suo
678 1859 846 1940 complexus
865 1860 951 1922 luerit
970 1859 1051 1921 Deus
1069 1860 1181 1936 fideles,
1206 1863 1328 1922 extollet

192 1965 243 2007 eos
266 1946 298 2004 iu
322 1959 464 2002 summam
488 1941 667 2020 dignitatem,
690 1957 745 2000 nec
765 1939 872 2000 desinet
892 1959 942 2001 eos
961 1942 1019 2001 suis
1040 1941 1326 2021 donisioeuplerare.

194 2023 281 2102 Quod
303 2025 387 2082 otiam
407 2019 559 2082 confirmet
578 2019 710 2100 proximo
729 2017 868 2095 membro,
886 2043 947 2084 noa
958 2023 1120 2104 prohibebit
1136 2023 1243 2084 ὂοηιιπι
1262 2046 1328 2083 cm-

133 2169 143 2176 ,
193 2105 358 2166 lalanlilos
377 2111 410 2162 in
428 2103 616 2162 rectitudine.-
645 2099 703 2159 acsi
723 2099 843 2175 diceret,
873 2121 1020 2182 nunquam
1039 2102 1182 2162 exhauriri
1202 2101 1259 2162 Dei
1279 2103 1327 2166 be-

192 2185 370 2246 neficentiam
390 2183 459 2264 quio
479 2181 590 2243 assidue
609 2181 687 2240 fluat.
707 2178 816 2241 Interea
837 2181 994 2262 colligimus
1013 2202 1051 2242 cx
1070 2182 1227 2258 diverbia,
1247 2186 1326 2264 quic·

194 2264 264 2346 quid
289 2271 332 2324 est
354 2263 384 2323 in
408 2261 491 2321 nobis
514 2260 711 2344 praestantiae,
730 2277 846 2320 manera
865 2281 902 2321 ex
922 2279 1000 2322 mers
1019 2261 1077 2322 Dei
1095 2263 1192 2343 gratia.
1231 2263 1328 2326 Simul

194 2343 252 2406 Dei
271 2341 427 2404 cultoribus
447 2342 591 2423 propriam
610 2347 709 2400 notam
728 2340 874 2414 adscribit,
903 2343 982 2421 quod
1001 2362 1101 2402 eorum
1121 2345 1180 2402 vita
1199 2344 1235 2404 ad
1256 2346 1326 2406 inte-

194 2427 325 2508 gritatem
349 2425 386 2484 sit
411 2424 577 2498 composita.
618 2418 706 2499 Quod
731 2421 874 2482 exclamat
897 2422 925 2482 in
946 2421 1003 2482 fine
1021 2421 1128 2486 Psalmi
1147 2426 1246 2484 &aloa
1264 2443 1326 2488 ecee
1414 2443 1415 2470 t

234 2507 372 2566 italico
392 2505 554 2582 confidmal,
575 2500 687 2560 videtur
704 2500 802 2560 referri
823 2499 858 2561 ad
877 2501 955 2561 exilii
975 2510 1096 2584 tempus.
1117 2501 1199 2564 Prius
1215 2505 1327 2566 dixerat

193 2531 375 2648 d'e‘atueee
394 2585 444 2662 qui
463 2581 590 2642 habitant
609 2582 639 2640 iu
658 2581 736 2638 atriis
755 2579 825 2640 Dei:
855 2599 932 2641 nunc
957 2585 1087 2662 quamvis
1112 2581 1168 2644 hoc
1193 2584 1268 2645 bono
1288 2588 1327 2646 ed

195 2675 309 2746 tempus
329 2664 461 2732 caruerit,
480 2681 511 2720 se
525 2667 619 2720 temen
633 2666 718 2740 negat
731 2679 847 2739 prorsus
861 2660 948 2722 fuisse
961 2665 1109 2722 miserum:
1130 2664 1195 2745 quia
1216 2668 1326 2746 optimo

194 2746 296 2807 solatio
315 2743 415 2817 iretis,
434 2741 490 2802 Dei
509 2740 627 2819 gratiam
647 2741 749 2819 procul
768 2741 885 2800 intuitus
906 2742 949 2802 sit.
969 2742 1066 2822 Atque
1086 2743 1141 2802 hoc
1160 2746 1327 2825 exemplum

195 2831 296 2887 notatu
316 2822 433 2902 dignum
451 2825 504 2892 est,
524 2819 754 2900 quamdiuenim
773 2819 986 2900 privamur'Dei
1006 2822 1157 2897 beneficiis,
1177 2827 1242 2904 augi
1262 2829 1327 2907 qui.

196 2905 262 2965 dem
280 2902 393 2962 tristitia
412 2907 441 2961 et
460 2917 573 2980 gemere
592 2915 706 2959 necesse
729 2905 786 2958 eet:
811 2901 861 2961 sed
885 2919 921 2960 no
946 2901 1051 2962 doloris
1075 2922 1175 2964 seusus
1200 2924 1253 2965 nos
1277 2907 1326 2966 ab·

195 2983 323 3054 sorbeat,
347 2985 469 3042 statuero
493 2979 626 3040 convenit
650 2978 725 3039 inter
748 2979 824 3061 ipsas
847 2982 974 3045 miseria
993 3001 1047 3044 uos
1065 2981 1123 3044 iida
1140 2989 1171 3046 ct
1189 2987 1327 3066 patieutis

194 3063 293 3125 beatos
311 3077 383 3122 esse·

492 3474 823 3546 rseurrus
866 3477 1030 3547 cxxxv.
1129 3443 1132 3450 ’

199 3712 258 3746 m.
273 3701 332 3753 0⁸⁶·
343 3697 423 3754 fideles
442 3697 470 3742 al
487 3700 555 3744 cailla
574 3701 712 3758 Balploslco
730 3715 829 3746 mneos
845 3703 907 3746 soris
924 3703 1063 3746 iaromdis
1076 3707 1140 3760 elque
1152 3705 1218 3748 uie·
1229 3705 1331 3751 cladibus

275 3773 337 3816 Bm
351 3769 477 3826 efficeret,
486 3773 560 3826 prino
574 3771 724 3817 mallem
737 3780 907 3828 cone-erut,
920 3788 946 3815 se
959 3789 1014 3829 opu
1026 3777 1117 3830 gratiae
1129 3789 1182 3818 snos
1195 3777 1281 3820 decem
1289 3781 1329 3822 iu·

275 3841 403 3898 perseam.
428 3843 512 3884 Deinde
528 3849 647 3898 qumans·
658 3843 686 3884 de
697 3844 763 3898 longo
777 3845 883 3888 telonae
895 3857 984 3887 nom
997 3853 1079 3890 sraela
1091 3832 1095 3838 ,
1106 3847 1195 3901 Tertio,
1211 3860 1250 3902 epe
1268 3856 1290 3892 sl
1296 3852 1330 3904 fi-

276 3913 342 3954 lucta
358 3911 433 3966 erecti,
459 3912 485 3954 da
505 3915 618 3968 pronius
638 3913 683 3956 elli
695 3913 811 3970 sclieilats
828 3915 968 3970 3lortamre
993 3917 1045 3973 quis
1064 3917 1177 3960 mlitsts'o
1190 3919 1214 3960 ta
1221 3921 1331 3978 patria,

275 3992 323 4026 carn
336 3995 403 4038 regas
417 3983 502 4026 aldeli
514 3997 598 4028 ms
609 3989 666 4041 aest,
678 3986 732 4027 ude
744 3983 953 4040 sperelue'cnseu
965 3985 1067 4030 dmm·
1080 3990 1223 4046 poleam

242 4173 273 4237 1.
295 4165 457 4236 Praefecto
483 4167 621 4235 filiorum
647 4167 748 4240 Corae
776 4167 931 4242 Psalmus.
975 4175 1006 4242 2.
1033 4171 1214 4246 Benevolus
1244 4175 1332 4248 luisti

197 4269 313 4342 iehova
335 4285 435 4344 terrae
456 4283 539 4356 tuac,
560 4273 711 4344 reduxisti
732 4277 942 4368 captivitatem
962 4279 1072 4349 Iacob:
1114 4283 1146 4348 3.
1167 4283 1333 4354 Abstulisti

197 4381 395 4476 iniquitatem
416 4381 527 4476 populi
549 4381 608 4470 tui,
630 4383 782 4476 opemisti
805 4387 910 4455 onmia
933 4382 1059 4480 peccata
1081 4393 1207 4458 eorum(
1225 4391 1331 4459 Selah.

1315 4625 1323 4634 .

1189 4629 1230 4668 -Ι
